2596 4246
592 193 807 255 ..12..

171 369 249 454 quin
271 368 377 453 potius
400 377 567 456 putaretur
590 370 656 433 tale
679 368 799 454 aliquid
822 369 1037 452 inchoaturus,
1061 370 1123 435 nisi
1147 369 1238 435 festi·

169 467 246 522 nata
277 457 390 521 fuisset
412 467 515 522 morte
538 468 741 544 praeuentus.
787 457 873 523 Nam
898 482 917 523 a
939 460 1069 546 proprio
1098 459 1242 526 satellite

170 546 367 630 interfectus,
391 555 424 611 et
448 569 523 611 suae
546 548 631 611 uitae
656 558 688 611 et
710 546 786 611 belli
809 570 828 611 a
852 570 886 612 se
910 545 1049 613 inchoati
1070 548 1168 614 finem
1186 571 1239 615 ac-

171 636 334 700 celerauit.

262 726 311 789 15.
344 722 436 788 Haeo
468 736 542 789 sunt
573 724 676 807 bella,
710 747 792 811 quae
823 748 881 788 rex
911 726 1150 812 potentissimus
1180 749 1243 814 per

170 835 270 879 annos
292 813 433 880 XLVII.
459 812 520 898 (tot
537 815 622 878 enim
641 815 733 879 annis
752 813 1005 900 regnauerat)‘in
1022 815 1156 880 diuersis
1171 825 1237 879 ter·

117 963 120 991 ,
170 924 279 966 rarum
310 903 456 989 partibus
488 924 612 967 summa
634 901 805 989 prudentia
827 913 924 990 atque
947 903 1100 969 felicitate
1124 906 1237 990 gessit.

171 991 295 1072 Quibus
319 1013 456 1076 regnum
480 991 688 1073 Francorum,
713 992 797 1078 quod
820 1004 892 1078 post
915 1002 1041 1079 patrem
1064 992 1239 1079 Pippinum

169 1102 324 1164 magnum
348 1080 477 1166 quidem
500 1090 532 1145 et
554 1080 637 1146 forte
662 1092 860 1168 susceperat,
884 1083 930 1146 ita
952 1082 1103 1146 nobiliter
1126 1083 1239 1168 ampli·

170 1172 247 1247 auit,
272 1180 307 1232 ut
329 1192 411 1257 pene
435 1168 568 1256 duplum
590 1168 635 1234 illi
658 1169 820 1235 adiecerit.
865 1170 952 1236 Nam
976 1193 1048 1235 cum
1070 1173 1159 1257 prius
1174 1193 1240 1236 non

170 1258 307 1344 amplius
337 1280 434 1346 quam
467 1280 506 1323 ea
537 1281 611 1346 pars
636 1255 777 1341 Galliae,
811 1282 893 1345 quae
924 1262 1011 1326 inter
1033 1259 1182 1325 Rhenum
1207 1271 1240 1326 et

170 1345 333 1432 Ligerem,
351 1344 580 1433 Oceanumque
603 1371 640 1412 ac
659 1370 748 1413 mare
764 1348 967 1414 Balearicum
990 1352 1083 1433 iacet,
1108 1359 1140 1414 et
1162 1372 1242 1436 pars

170 1435 376 1521 Germaniae,
401 1459 483 1522 quae
506 1439 588 1500 inter
613 1433 786 1502 Saxoniam
810 1447 843 1503 et
867 1437 1054 1503 Danubium
1074 1436 1238 1503 Rhenum-

171 1547 233 1611 que
256 1549 294 1591 ac
318 1524 426 1592 Salam
450 1525 600 1607 fluuium,
626 1528 681 1611 qui
698 1525 882 1611 Thuringos
898 1538 930 1591 et
948 1524 1088 1593 Sarabos
1112 1526 1239 1613 diuidit,

171 1617 286 1701 posite,
311 1637 329 1678 a
352 1615 501 1698 Francis,
534 1616 588 1700 qui
621 1615 792 1679 orientales
824 1615 986 1700 dicuntur,
1016 1615 1174 1701 incolitur,
1207 1626 1241 1682 et

171 1715 299 1791 praeter
322 1703 402 1769 haec
418 1702 592 1768 Alamanni
608 1715 703 1790 atque
718 1704 861 1768 Baioarii
876 1704 917 1768 ad
932 1706 1024 1786 regni
1039 1705 1240 1771 Francorum

170 1803 364 1880 potestatem
395 1795 609 1879 pertinerent3
642 1796 711 1880 ipse
741 1816 798 1879 per
827 1792 911 1858 bella
935 1804 1111 1858 memorata
1133 1795 1240 1880 primo

173 1881 383 1968 Aquitaniam
396 1892 429 1946 et
440 1881 657 1946 Vuasconiam
670 1892 837 1968 totumque
850 1882 981 1967 Pyrinei
992 1885 1110 1948 montis
1126 1886 1240 1968 iugum

174 1980 206 2036 et
224 1994 324 2056 usque
347 1970 388 2035 ad
412 1970 573 2036 Hiberum
596 1993 740 2054 amnem,
764 1973 828 2057 qui,
852 1970 937 2058 apud
961 1969 1125 2037 Nauarros
1149 1984 1241 2038 ortus

173 2069 206 2124 et
237 2059 451 2124 fertilissimos
482 2059 660 2146 Hispaniae
694 2082 789 2145 agros
824 2082 952 2143 secans,
989 2061 1047 2126 sub
1077 2062 1241 2127 Dertonae

174 2150 315 2213 ciuitatis
338 2151 467 2214 moenia
486 2148 653 2214 Balearico
676 2151 758 2213 mari
781 2151 946 2233 miscetur,
972 2148 1086 2214 deinde
1110 2149 1241 2216 Italiam

172 2248 289 2322 totam,
320 2261 402 2325 quae
433 2239 473 2302 ab
497 2236 648 2322 Augusta
670 2237 838 2303 Praetoria
868 2261 969 2325 usque
996 2241 1029 2303 in
1053 2237 1240 2305 Calabriam

173 2328 376 2410 inferiorem,
409 2328 442 2391 in
474 2348 537 2411 qua
561 2323 741 2391 Grecorum
771 2349 809 2392 ac
832 2327 1135 2393 Beneuentanorum
1165 2351 1240 2394 con-

173 2419 237 2481 stat
261 2438 331 2481 esse
355 2413 500 2499 confinia,
525 2416 630 2481 decies
654 2426 783 2480 centum
808 2427 840 2481 et
865 2440 902 2481 eo
927 2417 1063 2503 amplius
1087 2440 1240 2504 passuum

172 2505 303 2570 milibus
326 2504 527 2590 longitudine
550 2506 742 2591 porrigitur3
766 2513 836 2570 tum
859 2503 1043 2588 Saxoniam,
1069 2528 1150 2591 quse
1170 2509 1239 2592 qui·

173 2595 247 2659 dem
279 2592 474 2660 Germaniae
506 2616 581 2680 pars
610 2615 674 2658 non
706 2595 832 2660 modica
862 2605 923 2672 est,
949 2597 1087 2679 eteius,
1112 2617 1195 2680 quae
1219 2620 1239 2660 a

172 2683 308 2747 Francis
337 2682 502 2765 incolitur,
535 2682 666 2770 duplum
696 2685 728 2746 in
756 2684 822 2748 lato
852 2682 972 2750 habere
995 2694 1139 2770 putatur,
1165 2707 1240 2749 cum

174 2774 204 2837 ei
228 2773 426 2854 longitudine
450 2771 550 2858 possit
569 2794 639 2837 esse
656 2772 844 2848 consimilis;
867 2784 1052 2859 postquam
1067 2782 1241 2858 utramque

173 2862 372 2927 Pannoniam
396 2872 427 2926 et
450 2860 630 2947 adpositam
653 2863 686 2925 in
708 2861 811 2926 altera
834 2860 978 2927 Danubii
1000 2865 1071 2950 ripa
1089 2862 1238 2946 Daciam,

173 2949 331 3016 Histriam
363 2973 490 3037 quoque
521 2959 553 3014 et
582 2949 771 3015 Liburniam
806 2961 904 3037 atque
930 2950 1148 3035 Dalmaciam,
1184 2973 1239 3016 ex·

173 3042 275 3126 ceptis
298 3041 467 3105 maritimis
491 3039 684 3123 ciuitatibus,
703 3061 782 3124 quas
799 3040 839 3104 ob
856 3040 1029 3104 amicitiam
1046 3050 1078 3103 et
1094 3042 1240 3105 iunctum

174 3151 248 3193 cum
269 3151 307 3193 co
329 3127 441 3193 foedus
458 3127 846 3214 Constantinopolitanum
870 3131 1095 3215 imperatorem
1118 3127 1239 3194 habere

173 3219 336 3305 permisit3
362 3218 476 3283 deinde
499 3239 608 3282 omnes
633 3217 787 3282 barbaras
807 3240 845 3283 ac
868 3218 953 3283 feras
976 3219 1132 3302 nationes,
1157 3240 1240 3304 quae

173 3309 257 3372 inter
279 3307 427 3372 Rhenum
450 3329 488 3371 ac
506 3304 652 3370 Visulam
674 3304 788 3370 fluuios
812 3304 1044 3393 Oceanumque
1067 3329 1105 3372 ac
1128 3307 1240 3372 Danu·

173 3396 262 3461 bium
284 3398 418 3482 positae,
442 3396 572 3479 linguae
588 3392 717 3480 quidem
734 3418 817 3481 pene
841 3395 970 3478 similes,
994 3396 1137 3461 moribus
1161 3418 1240 3461 uero

172 3496 269 3571 atque
301 3484 412 3550 habitu
444 3483 538 3549 ualde
565 3484 754 3565 dissimiles,
779 3481 990 3550 Germaniam
1011 3484 1169 3570 incolunt,
1193 3486 1240 3551 ita

174 3572 368 3662 perdomuit,
401 3585 435 3638 ut
467 3595 520 3638 eas
547 3573 734 3637 tributarias
757 3571 909 3638 efficeret.
956 3574 1045 3639 Inter
1090 3596 1148 3639 uas
1170 3573 1240 3640 fere

173 3664 363 3752 praecipuae
395 3674 469 3727 sunt
491 3660 677 3744 Vuelatabi,
710 3659 843 3746 Sorabi,
873 3661 1038 3746 Abodriti,
1066 3596 1239 3748 Doemani3

173 3774 247 3816 cum
271 3753 320 3818 his
343 3774 481 3838 namque
504 3748 588 3816 bello
612 3749 763 3815 conflixit.
812 3750 956 3835 Ceteras,
979 3773 1115 3838 quarum
1137 3753 1240 3818 multo

173 3842 277 3906 maior
300 3852 350 3907 est
371 3863 537 3923 numerus,
562 3840 593 3904 in
618 3839 815 3906 deditionem
838 3842 986 3927 suscepit.
