2596 4246
529 193 752 256 ..29-

108 372 213 434 tocius
244 370 375 433 scientie
405 390 488 433 noua
519 368 731 433 irradiacionc
761 377 793 433 et
818 368 892 432 huic
914 369 1076 433 barbariei
1099 378 1175 433 ante

110 460 227 545 partim
243 460 408 542 incognita
422 457 612 522 luminosam
624 456 774 539 reddidit,
786 456 846 522 deo
859 456 1047 522 illustrante.
1078 455 1175 522 Nunc

110 570 203 630 uero,
235 547 452 612 relabentibus
475 546 509 611 in
532 547 693 610 contraria
716 545 844 630 studiis,
877 545 985 610 lumen
1009 547 1174 634 sapientie,

113 634 198 723 quod
222 637 327 700 minus
350 635 512 720 diligitur,
532 636 667 700 rarescit
688 637 720 699 in
744 634 898 721 plurimis.
956 653 958 660 ·

200 724 368 790 Predictus
391 726 500 810 itaque
524 723 693 788 homuncio
717 721 806 809 (nam
829 731 953 787 statura
971 720 1176 810 despicabilis

111 812 295 898 uidebatur)
330 816 363 878 in
396 815 468 878 aula
495 812 623 896 Karoli,
658 813 812 876 amatoris
844 813 1016 899 sapientie,
1052 821 1177 876 tantum

112 903 214 988 glorie
238 904 429 967 incrementi
451 904 567 966 merito
590 901 760 988 prudentie
782 910 814 966 et
837 900 1007 987 probitatis
1024 911 1073 965 est
1091 923 1175 966 asse·

111 1001 218 1075 cutus,
248 1001 283 1055 ut
313 993 397 1055 inter
430 1013 539 1055 omnes
569 991 746 1055 maiestatis
778 992 867 1075 regie
897 991 1060 1054 ministros
1095 1012 1177 1075 pene

112 1081 218 1145 nullus
249 1079 440 1163 haberetur,
475 1081 526 1144 cui
558 1103 618 1145 rex
648 1077 681 1143 id
705 1081 859 1165 temporis
881 1081 1121 1167 potentissimus
1146 1088 1178 1143 et

110 1170 364 1255 sapientissimus
388 1170 482 1255 plura
496 1168 724 1234 familiaritatis
741 1190 798 1233 sue
813 1177 938 1244 secreta
954 1169 1176 1233 committeret.

112 1257 156 1322 Et
179 1281 214 1322 re
237 1281 314 1323 uera
336 1280 400 1323 non
422 1259 589 1341 inmerito,
625 1280 698 1322 cum
726 1279 790 1322 non
820 1254 916 1321 modo
942 1259 1042 1344 ipsius
1065 1255 1180 1322 Karoli

111 1347 320 1432 temporibus,
345 1344 401 1412 sed
425 1355 458 1411 et
480 1344 580 1433 (quod
596 1347 726 1411 maioris
742 1356 791 1411 cst
807 1346 968 1429 miraculi)
992 1346 1050 1410 sub
1071 1343 1176 1410 Ledo-

113 1437 208 1499 uuico
231 1437 433 1523 imperatore,
458 1458 532 1500 cum
550 1433 684 1499 diuersis
700 1445 732 1500 et
755 1434 864 1499 multis
880 1434 1179 1520 perturbacionibus

113 1524 313 1589 Francorum
343 1547 395 1588 res
418 1524 547 1610 publiea
569 1523 739 1589 fluctuaret
763 1534 796 1588 et
818 1525 850 1588 in
873 1524 981 1588 multis
1004 1523 1178 1608 decideret,

114 1615 196 1677 mira
220 1612 358 1699 quadam
382 1621 415 1678 et
438 1611 590 1678 diuinitus
613 1615 742 1700 prouisa
757 1613 934 1678 libracione
950 1635 984 1678 se
1000 1615 1106 1700 ipsum
1120 1611 1180 1678 deo

115 1711 308 1790 protegente
331 1700 527 1785 custodierit,
550 1712 585 1766 ut
610 1703 794 1767 subtilitatis
816 1724 944 1786 nomen,
970 1701 1055 1788 quod
1071 1702 1181 1766 multis

114 1790 269 1855 inuidiam
292 1787 493 1877 comparauit
516 1801 549 1857 et
579 1792 693 1876 risum,
725 1793 830 1878 ipsum
857 1814 917 1855 nec
945 1793 1105 1856 inmature
1128 1790 1180 1855 de·

115 1882 253 1946 seruerit
275 1901 334 1944 nec
358 1879 508 1965 periculis
531 1880 820 1946 irremediabilibus
843 1882 1047 1967 manciparit.

204 1968 276 2033 Hec
299 1969 444 2052 dicimus,
468 1977 504 2032 ut
527 1972 559 2034 in
582 1970 676 2035 dietis
699 1972 768 2034 eius
791 1971 897 2034 minus
914 1970 1048 2055 quisque
1064 1967 1182 2032 habeat

115 2056 337 2141 dubitacionis,
362 2058 439 2123 dum
462 2081 527 2122 non
548 2060 686 2143 ignoret,
712 2081 786 2124 eum
810 2067 842 2123 et
866 2057 1027 2124 dilectioni
1050 2079 1182 2144 prouec-

115 2147 194 2211 toris
217 2148 266 2210 sui
288 2145 417 2212 laudem
440 2149 627 2235 precipuam
652 2158 684 2212 et
715 2148 891 2213 curiositati
920 2146 1079 2213 lectorum.
1100 2148 1181 2211 ueri-

114 2245 216 2300 tatem
240 2234 358 2300 debere
382 2233 531 2322 (prebere
555 2235 656 2323 Jafft)
678 2239 890 2324 perspicuam.

204 2322 290 2388 Huic
306 2324 459 2411 opusculo
475 2347 537 2410 ego
553 2322 671 2390 Strabo
694 2326 804 2390 titulos
827 2335 858 2390 et
880 2326 1060 2409 incisiones,
1085 2332 1181 2411 prout

115 2414 220 2477 uisum
244 2423 292 2477 est
315 2420 508 2498 congruum,
532 2415 668 2498 inserui,
692 2425 728 2479 ut
751 2412 792 2479 ad
815 2415 942 2500 singula
965 2414 1089 2479 facilior
1104 2433 1181 2499 que·

117 2504 201 2566 renti
224 2500 308 2588 quod
332 2502 489 2590 placuerit
514 2502 673 2569 elucescat
696 2526 852 2569 accessus.
