2596 4246
536 217 752 292 ,18-

111 392 210 475 uirili3
234 413 313 455 uoce
338 390 424 454 clara
440 391 585 477 quidem,
602 391 656 457 sed
674 414 755 478 quae
771 395 874 458 minus
891 396 1033 481 corporis
1054 397 1189 464 formae

114 482 312 563 conueniret3
345 479 519 546 ualitudine
542 503 710 568 prospera,
735 482 978 567 praeterquod,
1004 495 1187 573 antequam

114 567 292 650 decederet,
308 591 366 654 per
382 578 517 655 quatuor
533 592 632 635 annos
648 570 760 635 crebro
776 570 918 637 febribus
931 575 1187 661 corripiebatur,

113 657 154 723 ad
178 667 357 723 extremum
381 660 478 723 etiam
501 680 563 724 uno
587 658 668 745 pede
692 657 893 725 claudicaret.
940 661 984 725 Et
1008 673 1086 728 tunc
1111 666 1183 751 qui-

114 745 186 812 dem
201 747 295 834 plura
309 769 366 811 suo
381 747 539 812 arbitratu
555 769 650 834 quam
665 747 862 813 medicorum
875 750 1005 815 consilio
1021 752 1183 839 faciebat;

114 858 192 923 quos
215 858 299 923 pene
323 858 436 900 exosos
459 835 610 921 habebat,
635 835 719 923 quod
743 839 771 901 ei
795 837 828 900 in
851 839 929 903 cibis
953 861 1035 924 assa,
1061 843 1189 927 quibus

113 934 258 991 assuetus
293 934 378 1009 erat,
412 924 575 990 dimittere
608 935 640 990 et
663 926 754 991 elixis
777 925 964 991 adsuescere
987 928 1184 996 suadebant.

201 1013 424 1079 Exercebatur
457 1013 584 1079 assidue
618 1014 789 1100 equitando
822 1037 861 1079 ac
890 1017 1055 1101 uenand03
1093 1019 1184 1106 quod

29 1126 33 1163 ε
112 1102 158 1168 illi
180 1101 378 1187 gentilicium
394 1111 476 1186 erat,
502 1105 577 1188 quia
592 1105 646 1167 uix
662 1103 726 1167 ulla
740 1105 771 1168 in
786 1106 881 1168 terris
901 1107 988 1171 natio
1005 1108 1184 1195 inuenitur,

29 1186 31 1191 ’
114 1193 250 1278 quaein
272 1189 332 1255 hac
361 1201 430 1255 arte
453 1191 586 1256 Francis
620 1193 720 1278 possit
757 1193 898 1278 aequari.
944 1193 1189 1263 Delectabatur

113 1283 210 1346 etiam
233 1280 406 1366 uaporibus
429 1301 584 1365 aquarum
604 1280 793 1346 naturaliter
809 1281 991 1365 calentium,
1017 1284 1185 1372 frequenti

112 1378 225 1433 natatu
249 1391 363 1455 corpus
388 1391 554 1453 exercens3
579 1371 667 1434 cuius
691 1368 771 1435 adeo
787 1372 908 1457 peritus
925 1370 996 1453 fuit,
1021 1384 1057 1437 ut
1073 1374 1189 1440 nullus

114 1460 143 1523 ei
166 1460 248 1522 iuste
271 1459 376 1522 ualeat
398 1457 561 1523 anteferri.
610 1456 662 1524 Ob
690 1456 750 1523 hoc
781 1460 876 1523 etiam
908 1459 1108 1546 Aquisgrani
1131 1487 1183 1529 re·

113 1549 200 1631 giam
225 1548 367 1611 extruxit
389 1546 497 1631 ibique
521 1549 672 1611 extremis
699 1550 786 1611 uitae
809 1549 899 1611 annis
922 1550 1089 1635 usque-ad
1115 1553 1187 1617 obi-

112 1645 181 1700 tum
205 1636 364 1721 perpetim
388 1633 555 1700 habitauit.
603 1635 645 1700 Et
660 1658 723 1699 non
739 1635 841 1700 solum
858 1636 940 1701 filios
956 1639 997 1702 ad
1013 1639 1182 1724 balneum,

113 1745 226 1789 uerum
249 1724 421 1810 optimates
445 1732 477 1787 et
500 1726 627 1808 amicos,
652 1724 822 1810 aliquando
839 1728 935 1790 etiam
953 1727 1127 1792 satellitum
1151 1740 1184 1795 et

114 1813 282 1878 custodum
307 1813 448 1898 corporis
471 1813 599 1897 turbam
623 1815 785 1896 inuitauit,
810 1815 856 1877 ita
879 1824 914 1879 ut
937 1837 1185 1904 nonnumquam

114 1911 240 1967 centum
264 1900 315 1965 uel
340 1923 377 1965 eo
400 1900 536 1987 amplius
559 1902 703 1967 homines
727 1925 789 1966 una
812 1901 1004 1972 lauarentur.

205 1993 255 2056 23.
303 1988 431 2054 Vestitu
453 1990 574 2076 patrio,
599 1990 632 2054 id
655 2002 703 2055 est
727 1991 892 2075 Francico,
917 1993 1078 2058 utebatur.
1128 1995 1185 2061 Ad

114 2101 230 2165 corpus
254 2079 405 2143 camisam
429 2079 564 2162 lineam3
590 2088 622 2143 et
644 2079 845 2144 feminalibus
860 2080 952 2145 lineis
967 2082 1187 2170 induebatur3

29 2180 32 2216 ῑ
114 2166 228 2233 deinde
243 2169 395 2252 tunicam,
420 2189 503 2253 quae
518 2167 617 2233 limbo
634 2171 735 2233 serico
752 2168 964 2250 ambiebatur,
988 2180 1021 2234 et
1037 2171 1187 2259 tibialia;

113 2267 190 2322 tunc
219 2255 357 2321 fasciolis
381 2279 475 2321 crura
499 2266 530 2321 ct
556 2257 654 2344 pedes
678 2258 893 2322 calciamentis
917 2261 1185 2346 constringebam

114 2356 145 2411 et
168 2368 208 2409 ex
224 2344 360 2432 pellibus
377 2341 513 2431 [lutrinis
530 2355 562 2410 et
579 2344 722 2434 murinis]
739 2344 870 2410 thorace
886 2347 1033 2411 confecto
1050 2371 1183 2415 umeros

114 2458 153 2499 ac
176 2443 289 2521 pectus
305 2434 411 2498 hieme
428 2434 606 2517 muniebat3
633 2457 711 2519 sago
728 2435 852 2498 Veneto
869 2436 1003 2500 amictus
1020 2447 1053 2501 et
1069 2439 1183 2522 gladio

115 2545 242 2610 semper
264 2524 441 2604 accinctus,
475 2525 563 2587 cuius
598 2522 730 2610 capulus
762 2545 800 2588 ac
830 2523 954 2588 balteus
983 2534 1039 2589 aut
1062 2549 1186 2593 eureus

113 2624 169 2678 aut
192 2621 365 2697 argenteus
398 2620 475 2676 crat.
523 2611 724 2697 Aliquotiens
757 2621 789 2676 et
818 2621 980 2694 gemmato
1010 2636 1086 2679 ense
1110 2626 1185 2682 ute·

113 2703 222 2784 batur3
257 2699 341 2786 quod
371 2710 478 2764 tamen
506 2722 568 2764 non
591 2701 652 2764 nisi
681 2700 714 2764 in
744 2701 924 2787 praecipuis
948 2701 1188 2770 festiuitatibus

111 2790 167 2856 nel
191 2788 344 2875 siquando
369 2799 552 2855 exterarum
576 2790 718 2873 gentium
743 2789 843 2872 legati
866 2791 1038 2855 uenissent.
1080 2791 1184 2859 Pere-

114 2880 208 2966 grina
223 2901 300 2943 uero
312 2876 506 2959 indumenta,
520 2878 666 2963 quamuis
678 2875 903 2964 pulcherrima,
917 2879 1103 2965 respuebat,
1120 2904 1185 2948 nec

114 2989 266 3054 umquam
289 2967 334 3031 eis
357 2967 445 3032 indui
460 2967 651 3054 patiebatur,
676 2974 811 3051 excepto
828 2965 912 3050 quod
929 2966 1051 3033 Romae
1068 2973 1186 3058 semel,

114 3056 257 3122 Adriano
281 3054 431 3143 pontifice
454 3065 599 3143 petente,
635 3055 820 3136 etiterum,
856 3051 965 3118 Leone
994 3078 1185 3127 successore

115 3147 183 3211 eius
199 3146 406 3233 supplicante,
431 3143 526 3228 longa
541 3145 649 3207 tunica
665 3151 697 3206 et
713 3138 869 3205 chlamide
890 3145 1037 3229 amictus,
1063 3147 1187 3214 calceis

114 3256 241 3323 quoque
265 3235 409 3299 Romano
433 3255 522 3296 more
545 3231 689 3296 formatis
705 3229 905 3295 induebatur.
938 3230 977 3294 In
994 3232 1186 3302 festiuitati·

114 3325 173 3389 bus
196 3333 287 3389 ueste
311 3345 388 3388 auro
411 3329 500 3386 texta
524 3329 556 3384 et
579 3318 794 3384 calciamentis
828 3322 1000 3401 gemmatis
1024 3332 1057 3387 et
1081 3323 1188 3392 fibula

114 3435 213 3478 aurea
236 3435 349 3498 sagum
371 3409 601 3494 adstringente,
626 3404 806 3470 diademate
829 3427 955 3492 quoque
979 3431 1020 3473 ex
1043 3433 1124 3476 auro
1151 3425 1187 3481 et

114 3504 252 3587 gemmis
285 3510 416 3565 ornatus
445 3497 623 3562 incedebat.
670 3493 752 3558 Aliis
785 3503 891 3558 autem
914 3492 1027 3561 diebus
1050 3497 1188 3570 habitus

115 3593 183 3657 eius
206 3613 317 3677 parum
343 3612 361 3654 a
385 3585 543 3653 communi
566 3607 604 3648 ac
627 3582 752 3670 plebeio
776 3580 979 3650 abhorrebat.

205 3682 256 3744 24.
304 3678 343 3742 In
367 3677 436 3742 cibo
461 3684 493 3739 et
517 3684 595 3760 potu
618 3681 809 3756 temperans,
835 3668 891 3734 sed
913 3671 945 3734 in
960 3682 1040 3758 potu
1056 3685 1185 3765 tempe-

114 3770 245 3853 rantior,
282 3769 400 3854 quippe
435 3763 488 3850 qui
523 3762 712 3826 ebrietatem
735 3762 767 3824 in
791 3758 1014 3844 qualicumque
1038 3762 1186 3856 homine,

112 3855 232 3922 nedum
255 3858 288 3921 in
318 3878 352 3920 se
383 3875 421 3917 ac
451 3852 531 3934 suis,
566 3848 739 3936 plurimum
771 3846 1048 3914 abhominabatur.
1098 3852 1188 3924 Cibo
