2596 4246
557 166 771 228 ...24-

133 338 209 403 litus
234 361 305 403 cum
329 341 453 423 ingenti
476 338 595 403 lumine
617 341 721 405 facem
745 365 764 405 a
784 340 897 406 dextra
913 344 946 406 in
962 343 1123 405 sinistram
1140 364 1209 428 per

123 425 282 494 ‘'serenum
306 451 382 492 aera
405 437 640 512 transcur1cre3
665 431 850 515 cunctisque
872 431 933 495 hoc
957 433 1094 514 signum,
1120 429 1200 517 quid

134 517 355 604 portenderet,
379 517 636 602 ammirantibus,
662 519 766 583 subito
790 543 904 606 equus,
935 542 1029 605 quem
1053 520 1208 604 sedebat,

135 607 239 692 capite
263 605 413 671 deorsum
445 628 551 671 merso
584 607 703 672 decidit
738 631 874 694 eumque
902 617 968 672 tam
991 611 1135 694 grauiter
1157 608 1201 673 ad

134 705 255 760 terram
280 696 373 777 elisit,
397 705 442 780 ut,
467 693 565 761 fibula
588 699 658 782 sagi
681 706 776 783 rupta
801 696 970 783 balteoque
987 696 1086 783 gladii
1102 700 1196 763 dissi-

133 793 223 870 pato,
248 808 266 847 a
289 785 533 869 festinantibus,
567 788 622 870 qui
656 784 808 870 aderant,
837 788 989 851 ministris
1013 799 1210 871 exarmatus-

135 883 168 938 et
191 874 259 937 sine
291 873 427 938 amiculo
459 873 631 940 leuaretur.
677 874 823 939 Iaculum
853 876 966 960 etiam,
1003 876 1088 961 quod
1120 887 1200 940 tunc

134 962 218 1026 forte
241 985 338 1027 manu
370 963 516 1045 tenebat,
549 965 596 1027 ita
623 961 767 1050 elapsum
799 974 863 1050 est,
888 974 923 1028 ut
945 964 1062 1050 uiginti
1085 965 1137 1029 uel
1160 987 1209 1030 eo

133 1052 270 1138 amplius
300 1051 420 1138 pedum
454 1053 561 1138 spacio
594 1053 690 1136 longe
722 1055 850 1118 iaceret.
896 1052 1043 1118 Accessit
1074 1052 1201 1118 adhoc

134 1139 247 1206 creber
270 1139 431 1226 Aquensis
455 1141 565 1226 palatii
589 1151 709 1206 tremor
738 1151 769 1206 et
795 1144 828 1205 in
857 1141 1017 1225 domibus,
1043 1143 1098 1207 ubi
1122 1165 1199 1207 con·

132 1228 332 1313 uersabatur,
357 1228 502 1294 assiduus
524 1230 757 1316 laqueariorum
782 1233 931 1318 crepitus.
980 1230 1084 1296 Tacta
1099 1231 1199 1296 etiam

134 1317 175 1383 de
198 1319 299 1403 caelo,
321 1320 355 1383 in
378 1340 442 1405 qua
464 1329 577 1404 postea
599 1321 741 1406 sepultus
765 1330 821 1404 est,
847 1320 990 1402 basilica,
1014 1320 1202 1406 malumque

133 1430 282 1491 aureum,
317 1430 379 1493 quo
413 1409 490 1472 tecti
514 1408 640 1473 culmen
663 1419 732 1473 erat
764 1419 931 1494 ornatum,
967 1411 1033 1473 ictu
1056 1410 1210 1474 fulminis-

134 1496 323 1584 dissipatum
348 1508 380 1562 et
404 1520 501 1583 supra
517 1496 646 1562 domum
662 1497 831 1583 pontificis,
856 1521 937 1584 quae
953 1498 1106 1564 basilicae
1123 1521 1197 1564 con·

132 1588 224 1670 tigna
256 1598 340 1670 erat,
375 1589 554 1672 proiectum
578 1596 636 1651 est.
682 1586 762 1651 Erat
792 1589 825 1651 in
858 1588 971 1652 eadem
1003 1588 1136 1652 basilica
1165 1589 1199 1652 in

132 1677 281 1759 margine
304 1697 457 1759 coronae,
483 1697 564 1762 quae
587 1677 670 1740 inter
694 1678 873 1762 superiores
904 1686 936 1741 et
958 1677 1125 1741 inferiores
1148 1699 1199 1741 ar·

133 1787 188 1828 cus
211 1765 397 1828 interiorem
419 1763 507 1829 aedis
531 1775 656 1850 partem
680 1764 856 1848 ambiebat,
892 1768 1093 1852 epigramma
1115 1767 1206 1831 sino·-

131 1853 207 1940 pide
223 1855 388 1938 scriptum,
413 1855 587 1936 continens,
605 1856 674 1939 quis
690 1863 802 1918 auctor
818 1865 902 1919 esset
918 1853 1058 1919 eiusdem
1075 1854 1205 1940 templi,

133 1945 223 2007 cuius
246 1945 279 2006 in
307 1952 451 2007 extremo
485 1965 581 2007 uersu
611 1943 794 2026 legebatur:
830 1940 1044 2009 KAROLVS
1074 1942 1201 2008 PRIN-

132 2029 253 2098 OEPS.
304 2030 459 2095 Notatum
483 2041 530 2096 est
554 2055 573 2096 a
596 2031 786 2117 quibusdam
811 2030 938 2115 eodem,
964 2054 1026 2117 quo
1051 2031 1202 2116 decessit,

132 2143 216 2186 auno
240 2122 350 2207 paucis
367 2131 440 2185 ante
456 2131 593 2185 mortem
609 2122 771 2186 mensibus
788 2144 850 2206 eas,
876 2143 958 2207 quae
978 2119 1203 2186 PRINCEPS

133 2210 371 2296 exprimebant,
408 2210 529 2274 litteras
564 2212 610 2275 ita
640 2232 710 2276 esse
742 2208 880 2295 deletas,
913 2220 947 2274 ut
981 2211 1109 2296 penitus
1135 2233 1201 2274 non

132 2308 334 2385 apparerent.
381 2296 447 2364 Sed
482 2301 648 2385 superiora
681 2301 788 2364 omnia
822 2301 867 2363 sic
902 2309 957 2363 aut
986 2297 1202 2364 dissimulauit

132 2397 189 2452 aut
212 2390 343 2474 spreuit,
367 2410 405 2451 ac
429 2387 455 2451 si
478 2388 557 2454 nibil
580 2388 693 2452 horum
716 2386 757 2453 ad
780 2410 832 2452 res
856 2410 929 2452 suas
945 2387 1088 2475 quolibet
1104 2388 1201 2453 modo

131 2479 316 2562 pertineret.

223 2569 274 2630 33.
301 2564 510 2630 Testamenta
542 2568 649 2631 facere
680 2567 831 2650 instituit,
857 2567 971 2652 quibus
995 2564 1076 2630 filias
1101 2575 1199 2630 etex

134 2654 318 2719 concubinis
350 2654 468 2720 liberos
499 2678 539 2719 ex
569 2655 676 2740 aliqua
703 2664 795 2740 parte
819 2655 880 2720 sibi
902 2654 1037 2719 heredes
1060 2654 1199 2738 faceret;

134 2741 190 2807 sed
228 2744 319 2809 tarde
354 2743 503 2809 inchoata
537 2743 647 2830 perfici
681 2765 746 2807 non
780 2752 937 2831 poterant.
995 2743 1200 2808 Diuisionem

132 2842 241 2897 tamen
264 2833 487 2897 thesaurorum
511 2843 542 2897 et
564 2834 719 2922 pecuniae
742 2855 780 2897 ac
803 2834 943 2897 uestium
966 2833 1111 2918 aliaeque
1127 2854 1208 2918 sup-1

87 2986 91 2993 ,
132 2921 301 3009 pellectilis
334 2943 441 2986 coram
473 2923 585 2987 amicis
616 2931 648 2987 et
682 2923 836 2986 ministris
868 2922 933 2984 suis
962 2922 1055 2985 annis
1085 2922 1201 3003 tribus,

133 3020 306 3096 antequam
324 3009 502 3090 decederet,
527 3011 611 3096 fecit,
630 3019 825 3075 contestatus
843 3032 904 3095 cos,
929 3019 965 3073 ut
988 3019 1060 3095 post
1076 3011 1200 3075 obitum

133 3123 226 3165 suum
259 3123 278 3164 a
312 3123 346 3164 se
372 3100 459 3164 facta
481 3098 662 3165 distributio
685 3121 743 3186 per
766 3099 892 3163 illorum
917 3098 1104 3184 suffragium
1128 3108 1200 3163 rata

133 3199 351 3276 permaneret3
383 3189 523 3274 quidque
546 3212 587 3253 ex
609 3189 675 3272 bis,
700 3210 782 3274 quae
805 3189 972 3270 diuiserat,
1000 3187 1070 3252 fieri
1092 3188 1202 3272 uellet,

133 3279 293 3344 breuiario
319 3275 555 3364 conprehendit.
603 3276 701 3341 Cuius
731 3279 813 3341 ratio
837 3300 874 3341 ac
904 3287 1011 3342 textus
1038 3278 1111 3341 talis
1135 3286 1200 3341 est:

133 3367 298 3522 pratil
327 3362 1201 3521 little.Dassarensibus

1072 3505 1078 3518 .
1169 3477 1199 3519 θ·

134 3546 264 3632 scriptio
280 3555 378 3631 atque
394 3543 517 3629 diuisi0,
544 3566 625 3630 quae
649 3543 734 3610 facta
756 3554 804 3608 est
819 3566 839 3609 a
855 3544 1085 3628 gloriosissimo
1101 3555 1208 3631 atque

134 3637 278 3721 piissimo
303 3633 419 3699 domno
447 3633 569 3699 Karolo
604 3634 798 3719 imperatore
821 3642 958 3718 augusto
982 3654 1065 3696 anno
1089 3631 1130 3696 ab
1154 3635 1200 3696 in·

134 3726 318 3790 carnatione
348 3722 468 3788 domini
496 3724 598 3786 nostri
627 3721 724 3787 Ihcsu
753 3718 872 3786 Christi
902 3718 1087 3800 DCOOXI,
1116 3742 1208 3785 anno

132 3833 210 3878 uero
241 3815 334 3897 regni
361 3815 427 3877 eius
450 3813 483 3876 in
506 3812 643 3877 Francia
667 3808 780 3874 XLIII
804 3819 836 3874 ct
858 3810 891 3873 in
914 3808 1010 3873 Italia
1033 3806 1205 3894 XXXVI,
