2596 4246
486 178 708 255 -13..

159 373 207 435 lo.
233 369 335 435 Auxit
357 371 455 433 etiam
486 369 623 454 gloriam
646 370 739 452 regni
763 368 812 432 sui
835 367 1024 453 quibusdam
1048 371 1133 454 regi·
1172 348 1177 423 l

65 461 127 524 bus
149 482 187 525 ac
211 460 360 544 gentibus
384 480 443 544 per
466 459 642 522 amicitiam
664 458 725 521 sibi
749 457 934 521 conciliatis.

155 547 246 614 Adeo
278 569 417 633 namque
448 545 672 612 Hadefonsum
701 543 868 612 Galleoiae
907 557 1004 634 atque
1035 545 1132 612 Astu·

64 641 153 703 ricae
184 659 295 722 regem
326 635 386 700 sibi
416 637 568 700 societate
592 633 750 720 deuinxit,
774 646 810 698 ut
832 637 873 718 is,
898 658 972 700 cum
995 637 1036 701 ad
1060 659 1134 702 eum

66 725 118 793 uel
141 727 264 791 litteras
287 725 341 790 uel
362 725 487 810 legatos
510 726 663 806 mitteret,
687 746 751 788 non
771 724 865 789 aliter
888 747 922 789 se
943 725 1029 811 apud
1043 724 1135 792 illum

65 837 163 902 quam
187 816 352 902 proprium
375 835 469 878 suum
492 812 650 901 appellari
672 812 806 878 iuberet.

156 902 326 970 Scotorum
359 925 485 989 quoque
514 924 610 988 reges
642 904 687 966 sic
710 902 821 967 habuit
843 900 997 971 adsuam
1021 904 1132 967 uolun-

66 1003 167 1058 tatem
196 1015 255 1079 per
288 991 538 1057 munificentiam
570 992 755 1074 inclinatos,
789 1001 825 1056 ut
855 1012 928 1056 eum
958 1014 1134 1077 numquam

64 1084 171 1148 aliter·
190 1083 252 1146 nisi
282 1082 446 1146 dominum
477 1103 576 1167 seque
608 1080 751 1145 subditos
782 1090 814 1146 et
836 1103 945 1145 seruos
970 1082 1038 1145 eius
1061 1104 1131 1168 pro·

65 1173 260 1237 nuntiarent.
317 1171 440 1235 Extant
474 1170 628 1257 epistulae
661 1171 702 1234 ab
733 1172 778 1234 eis
811 1167 852 1233 ad
884 1169 974 1234 illum
1007 1173 1133 1254 missae,

63 1262 183 1348 quibus
205 1261 387 1325 huiusmodi
411 1258 546 1324 affectus
570 1281 680 1324 eorum
705 1282 784 1344 erga
806 1258 895 1322 illum
920 1257 1087 1327 indicatur.

156 1347 239 1414 Cum
255 1347 366 1414 Aaron
381 1370 458 1432 rege
475 1349 656 1431 Persarum,
682 1349 736 1434 qui
760 1357 896 1434 excepta
913 1346 1006 1411 India
1030 1358 1134 1413 totum

66 1460 150 1526 pene
180 1438 311 1503 tenebat
341 1440 514 1520 orientem,
545 1436 643 1502 talem
673 1437 786 1502 habuit
818 1439 851 1501 in
885 1439 1026 1502 amicitia
1061 1459 1134 1501 con-

68 1524 226 1611 cordiam,
257 1536 293 1591 ut
321 1528 348 1590 is
379 1529 517 1612 gratiam
548 1528 616 1591 eius
649 1528 806 1608 omnium,
831 1528 886 1611 qui
909 1528 943 1590 in
964 1535 1032 1590 toto
1057 1527 1133 1591 orbe
1204 1570 1205 1573 =

66 1626 227 1681 terrarum
260 1627 365 1701 erant,
398 1638 513 1700 regum
542 1639 581 1681 ac
610 1616 791 1702 principum
814 1617 974 1679 amicitiae
998 1638 1133 1703 praepo·

66 1717 159 1770 neret
190 1705 355 1791 solumque
386 1705 474 1769 illum
502 1704 621 1769 honore
644 1727 683 1768 ao
706 1704 924 1769 munificentia
947 1705 1007 1769 sibi
1031 1704 1134 1769 colen·

68 1793 145 1859 dum
168 1793 333 1859 iudicaret.
381 1792 431 1859 Ac
453 1794 605 1881 proinde,
631 1815 703 1858 cum
726 1794 826 1878 legati
850 1796 933 1876 eius,
957 1816 1036 1880 quos
1061 1817 1135 1858 cum

65 1883 209 1948 donariis
233 1883 274 1948 ad
297 1885 546 1948 sacratissimum
567 1883 688 1947 domini
708 1905 747 1947 ac
770 1883 937 1947 saluatoris
960 1885 1061 1947 nostri
1084 1906 1133 1947 sc-

68 1972 237 2060 pulchrum
261 1974 429 2058 locumque
459 1974 701 2037 resurrectionis
731 1974 878 2053 miserat,
912 1970 952 2036 ad
983 1995 1056 2036 eum
1079 1994 1132 2036 ue-

66 2064 189 2127 nissent
212 2071 244 2126 et
269 2064 298 2126 ei
322 2061 442 2125 domini
466 2064 514 2125 sui
537 2063 736 2126 uoluntatem
758 2059 967 2145 indicassent,
998 2083 1062 2125 non
1086 2083 1134 2125 so·

68 2150 137 2215 lum
169 2174 250 2237 quae
280 2151 473 2238 petebantur
502 2150 573 2215 fieri
606 2152 766 2236 permisit,
800 2150 856 2214 sed
889 2153 986 2214 etiam
1011 2173 1136 2214 sacrum

67 2239 159 2304 illum
191 2249 225 2305 et
256 2240 428 2304 salutarem
456 2239 576 2320 locum,
601 2249 637 2302 ut
659 2239 743 2303 illius
766 2241 917 2325 potestati
941 2239 1136 2304 adscribere·

70 2341 140 2413 tur,
173 2331 343 2410 concessit,
375 2338 406 2392 et
437 2328 674 2393 reuertentibus
705 2329 820 2413 legatis
851 2350 924 2392 suos
947 2329 1135 2413 adiungens,

67 2421 153 2483 inter
182 2426 290 2482 uestes
321 2426 354 2481 et
380 2428 525 2481 aromata
548 2425 580 2481 et
604 2425 728 2482 ceteras
752 2417 955 2482 orientalium
978 2428 1138 2482 terrarum

67 2530 146 2594 opes
169 2508 312 2592 ingentia
334 2505 381 2569 illi
405 2505 489 2571 dona
512 2505 638 2586 direxit,
664 2528 736 2570 cum
761 2509 791 2570 ei
811 2515 886 2571 ante
901 2529 1019 2592 paucos
1036 2529 1136 2571 annos

67 2619 161 2678 eum,
192 2618 287 2682 quem
311 2605 387 2660 tunc
411 2596 514 2660 solum
547 2594 702 2679 habebat,
735 2596 864 2680 roganti
896 2597 1042 2661 mitteret
1072 2595 1135 2661 ele-

66 2685 203 2752 fantum.

159 2773 375 2859 Imperatores
425 2775 523 2837 etiam
570 2772 916 2860 Constantinopolitani
961 2773 1135 2857 Niciforus‚

69 2862 233 2927 Michahel
257 2873 290 2928 et
312 2862 381 2927 Leo
411 2862 494 2927 ultro
525 2863 701 2926 amicitiam
725 2870 757 2925 et
780 2864 968 2928 societatem
991 2865 1058 2927 eius
1084 2884 1138 2927 ex-

70 2963 226 3039 petentes,
250 2952 417 3037 conplures
441 2949 482 3015 ad
505 2972 579 3015 eum
602 2952 719 3015 misere
741 2950 875 3037 legatos.
924 2950 1006 3016 (lum
1022 2952 1138 3038 quibus

70 3052 181 3106 tamen
196 3050 329 3127 propter
344 3049 526 3127 susceptum
543 3063 563 3104 a
579 3063 612 3104 se
628 3042 830 3126 imperatoris
846 3062 964 3105 nomen
979 3051 1011 3105 et
1023 3042 1064 3106 ob
1077 3041 1138 3106 hoc

74 3127 156 3217 [eis],
181 3132 272 3216 quasi
291 3131 346 3217 qui
362 3131 532 3215 imperium
553 3131 598 3194 eis
615 3130 739 3215 eripere
761 3129 869 3214 uellet,
894 3130 988 3195 ualde
1011 3153 1139 3217 suspee-

72 3228 155 3302 tum,
190 3217 301 3284 foedus
333 3216 552 3283 firmissimum
584 3220 709 3301 statuit,
741 3228 777 3283 ut
806 3219 894 3284 nulla
923 3222 1008 3284 inter
1030 3229 1139 3307 partes

68 3308 242 3373 cuiuslibet
258 3307 399 3372 scandali
414 3318 597 3374 remaneret
618 3309 753 3372 occasio.
799 3307 879 3373 Erat
903 3311 988 3372 enim
1011 3330 1139 3394 semper

73 3397 227 3461 Romanis
251 3406 283 3461 et
306 3393 421 3461 Grecis
445 3397 643 3462 Francorum
672 3405 821 3483 suspecta
844 3400 996 3484 potentia.
1044 3395 1139 3461 Vnde

77 3495 109 3550 et
140 3485 217 3550 illud
248 3484 391 3552 Grecum
424 3495 514 3550 extat
543 3486 766 3572 prouerbium:
804 3495 895 3554 ΤΟΝ
927 3491 1145 3554 ΦΡΑΝΚΟΝ

71 3583 217 3646 ΦΙΛΟΝ
236 3581 358 3657 EXIC,
384 3587 552 3645 ΓΙΤΟΝΑ
573 3581 657 3644 OYK
675 3577 794 3644 EXIO.

166 3668 216 3731 17.
241 3662 304 3742 Qui
328 3688 401 3730 cum
425 3674 532 3729 tantus
555 3667 588 3729 iu
613 3661 794 3753 ampliando
817 3684 918 3748 regno
935 3673 968 3728 et
991 3663 1142 3747 subigen-

72 3752 123 3819 dis
148 3756 268 3818 exteris
290 3753 473 3819 nationibus
497 3755 649 3819 existeret
672 3763 705 3819 et
727 3755 760 3818 in
784 3753 939 3817 eiusmodi
957 3753 1141 3840 occupatio·

73 3844 169 3908 nibus
193 3841 320 3912 assidue
344 3853 543 3927 uersaretur,
572 3865 670 3930 opera
691 3853 801 3908 tamen
824 3843 961 3928 plurima
983 3840 1024 3907 ad
1047 3841 1141 3928 regni
