2596 4246
563 191 760 255 ,7.-

125 387 248 451 magna
279 370 441 454 utrimque
474 369 697 452 animositate,
733 380 842 433 tamen
872 371 996 433 ‘maiore
1028 367 1194 435 Saxonum

125 478 226 542 quam
241 457 440 522 Fhanmrum
458 457 585 538 damno,
602 480 660 544 per
676 460 844 522 continuos
860 459 995 541 triginta
1011 466 1077 522 tres
1094 478 1193 527 annus

126 547 312 629 gerebatur.
352 545 483 611 Poterat
506 545 664 632 siquidem
687 548 779 611 citius
795 546 890 629 finiri,
910 548 937 609 si
952 545 1115 612 Saxonum
1133 545 1193 611 hoc

126 634 262 720 perfidia
284 644 457 722 pateretur.
505 634 647 700 Difficile
671 634 756 700 dictu
780 645 844 720 est,
875 638 1020 722 quotiens
1052 636 1193 721 superati

121 745 164 787 ac
188 726 347 811 supplices
370 725 440 808 regi
464 747 498 790 sa
521 724 726 808 dediderunt,
751 726 910 811 imperata
934 725 1074 789 facturos
1102 724 1192 810 polli-

126 813 182 876 citi
214 824 304 897 sunt,
336 814 475 897 obsides,
513 815 567 900 qui
597 813 853 900 imperabantur,
887 813 1008 900 absque
1041 812 1191 880 dilatione

121 899 293 987 dederunt,
323 902 460 987 legatos,
495 905 549 989 qui
572 903 795 984 mittebantur,
820 911 1044 988 susceperunt3
1070 903 1189 988 aliquo—

120 992 208 1055 tiens
232 993 277 1056 ita
300 989 412 1056 domiti
435 1000 468 1056 et
491 992 640 1076 emolliti,
665 1002 700 1057 ut
726 993 824 1056 etiam
849 991 971 1057 cultum
999 990 1191 1057 daemonum

120 1077 287 1146 dimittere
311 1089 343 1144 et
359 1079 561 1146 Christianae
584 1080 732 1165 religioni
755 1103 789 1146 se
810 1081 946 1146 subdere
961 1082 1043 1146 uelle
1058 1082 1190 1166 promit·

124 1177 237 1235 terent.
284 1168 351 1236 Sed
374 1171 455 1235 siout
480 1169 622 1234 adhaec
645 1169 793 1236 facienda
808 1170 998 1257 aliquotiens
1017 1173 1118 1257 proni,
1144 1171 1189 1236 sio

119 1256 165 1322 ad
188 1257 301 1323 eadem
324 1257 541 1344 paruertenda
564 1281 691 1346 semper
713 1259 803 1324 fuere
827 1261 1034 1346 praecipites,
1059 1279 1124 1324 non
1147 1261 1188 1324 sit

122 1353 159 1409 ut
181 1349 259 1412 satis
282 1349 463 1431 aestimare,
487 1347 529 1412 ad
552 1357 659 1412 utrum
684 1347 798 1413 horum
822 1348 981 1413 faciliores
998 1351 1104 1414 uerius
1126 1346 1189 1413 dici

122 1437 255 1520 possint.
301 1435 431 1523 Quippe
466 1458 539 1502 oum
571 1446 643 1524 post
674 1436 858 1502 inchoatum
888 1460 962 1502 cum
992 1439 1037 1502 eis
1069 1438 1187 1503 bellum

118 1525 178 1588 nix
201 1525 284 1590 ullus
307 1547 410 1591 annus
433 1536 565 1593 exactus
590 1528 642 1610 sit,
667 1549 730 1613 quo
753 1530 818 1591 non
840 1526 881 1590 ab
906 1528 951 1591 eis
967 1524 1187 1592 huiuscemodi

118 1612 206 1678 facta
230 1616 271 1679 sit
294 1618 496 1701 permutatio.

211 1701 277 1770 Sed
299 1706 548 1788 magnanimitas
571 1705 658 1790 regis
681 1726 719 1769 ac
734 1713 974 1792 perpetuatum
992 1704 1026 1768 in
1042 1703 1186 1770 aduersis
1223 1700 1226 1753 ἶ

117 1813 226 1880 ᾳυαιιι,
240 1795 274 1857 in
297 1795 459 1879 prosperis
488 1795 605 1859 mentis
635 1796 814 1858 constantia
837 1793 924 1858 nulla
948 1815 1058 1858 eornm
1083 1803 1184 1858 muta·
1227 1810 1234 1885 t,

120 1883 246 1948 bilitate
269 1881 321 1946 uel
344 1884 429 1947 uinci
452 1892 578 1969 poterat
601 1883 654 1947 uel
668 1883 710 1948 ab
725 1883 786 1966 his,
811 1905 893 1969 quae
909 1904 1007 1966 agere
1023 1892 1183 1968 coeperat,
1232 1892 1238 1965 ’ζ

117 1971 302 2055 defatigari.
349 1970 435 2035 Nam
458 1993 632 2058 numquam
658 1995 711 2036 eos
735 1971 955 2037 huiuscemodi
976 1971 1096 2059 aliquid
1112 1993 1184 2058 per·
1236 1974 1241 2037 ‘z

119 2068 284 2147 patrantes
306 2060 437 2147 impune
461 2061 545 2125 ferre
568 2082 681 2147 passus
706 2071 764 2145 est,
797 2063 873 2147 quin
896 2070 952 2126 aut
975 2063 1044 2146 ipse
1067 2083 1126 2146 per
1148 2083 1182 2125 se
1242 2110 1245 2121 .

115 2149 213 2214 ducto
249 2158 304 2213 aut
342 2171 399 2236 per
432 2152 564 2215 comites
597 2171 670 2214 suos
705 2151 803 2214 misso
837 2151 980 2214 exercitu
1014 2148 1182 2236 perfidiam
1251 2219 1253 2233 ζ

117 2239 326 2303 ulcisceretur
350 2248 381 2302 et
403 2236 535 2322 dignam
567 2238 608 2304 ab
639 2241 684 2303 eis
708 2261 845 2326 poenam
869 2241 1024 2322 exigeret.
1073 2238 1182 2326 Vsque
1253 2280 1256 2295 ›-

114 2325 209 2410 dum,
234 2327 395 2407 omnibus,
431 2329 485 2413 qui
515 2329 666 2392 resistere
699 2327 858 2410 solebant,
891 2326 1071 2414 profligatis
1094 2339 1126 2393 et
1148 2331 1181 2392 in

113 2438 207 2481 suam
231 2425 424 2502 potestatem
447 2415 597 2500 redactis,
620 2415 730 2482 decem
754 2416 842 2482 milia
864 2417 1028 2483 hominum
1057 2438 1098 2481 ex
1121 2417 1180 2502 his,

113 2507 172 2590 qui
194 2515 347 2592 utrasque
369 2507 456 2591 ripas
479 2504 572 2570 Albis
595 2505 734 2570 fluminis
757 2505 952 2589 incolebant,
978 2528 1050 2571 cum
1074 2509 1180 2570 uxori·

116 2593 176 2659 bus
199 2603 232 2658 et
255 2594 396 2680 paruolis
419 2594 561 2661 sublatos
583 2595 747 2660 transtulit
771 2605 803 2661 ct
826 2595 888 2660 huc
911 2604 1008 2681 atque
1031 2595 1107 2660 illuc
1122 2617 1181 2682 per

114 2681 257 2748 Galliam
290 2694 322 2749 et
355 2681 565 2749 Germaniam
596 2684 785 2750 multimoda
818 2683 973 2750 diuisione
1006 2683 1178 2752 distribuit.

112 2770 227 2858 anue
251 2770 431 2837 conditione
454 2796 473 2837 a
495 2795 574 2858 rege
603 2776 769 2862 proposita
804 2784 835 2839 et
867 2773 909 2839 ab
938 2773 1000 2838 illis
1031 2783 1179 2860 suscepta

111 2869 254 2926 tractum
277 2883 334 2948 per
357 2870 406 2927 tot
437 2884 536 2928 annos
568 2863 688 2928 bellum
721 2872 844 2928 constat
868 2883 937 2928 asse
959 2861 1097 2946 finitum,
1131 2872 1177 2947 ut,

113 2949 240 3014 abieoto
273 2950 466 3016 daemonum
497 2951 584 3017 cultu
617 2965 649 3018 et
678 2954 800 3018 relictis
829 2953 941 3039 patriis
964 2952 1176 3035 caerimoniis,

110 3037 316 3106 Christianae
338 3037 414 3104 fidei
437 3050 533 3126 atque
560 3041 723 3127 roligionis
755 3049 956 3107 sacramenta
979 3042 1182 3128 susciperent·

111 3136 145 3192 et
168 3128 303 3193 Francis
326 3127 457 3195 adunmi
478 3151 560 3195 unus
583 3152 656 3196 cum
680 3131 724 3196 eis
747 3130 882 3218 populus
906 3129 1120 3196 efficerentur.

203 3218 232 3282 8.
278 3217 351 3282 Hoc
373 3218 472 3302 bello,
503 3219 579 3285 licet
608 3242 667 3308 per
697 3220 831 3286 multum
859 3220 1013 3306 temporis
1037 3220 1176 3306 spatium

111 3303 313 3390 traheretur,
344 3309 414 3395 ipss
446 3329 509 3372 non
537 3311 674 3397 amplius
689 3331 778 3374 -oum
800 3309 890 3375 hoste
914 3330 1011 3394 quam
1033 3308 1083 3372 bis
1103 3309 1175 3374 acie

109 3393 270 3479 conflixit,
306 3397 404 3462 semel
432 3398 522 3461 iuxta
549 3408 706 3482 montem,
740 3399 795 3484 qui
821 3396 968 3484 Osnaggi
998 3394 1174 3485 (Omengi)

109 3481 228 3547 dicitur
249 3485 283 3549 in
299 3484 369 3550 loco
386 3483 580 3552 Theotmelli
601 3489 775 3571 nominato,
800 3497 831 3552 at
849 3489 966 3552 iterum
981 3485 1068 3573 apud
1084 3485 1175 3552 Hasa

108 3569 259 3657 fluuium,
292 3582 324 3638 et
355 3572 415 3639 hoc
443 3596 505 3640 uno
538 3596 662 3656 mense,
691 3579 802 3663 paucis
826 3596 952 3663 quoque
974 3576 1173 3662 interpositis

109 3658 234 3726 diebus.
280 3661 341 3728 His
364 3660 487 3729 duobus
510 3664 639 3751 proeliis
655 3664 763 3730 hostes
785 3663 866 3730 adeo
887 3663 1051 3752 profligati
1066 3685 1104 3730 ac
1119 3661 1175 3729 de·

110 3751 189 3815 uicti
208 3761 290 3835 sunt,
314 3760 350 3816 ut
365 3752 498 3817 ulterius
513 3771 625 3838 regern
640 3775 744 3840 neque
759 3775 935 3841 prouocare
957 3775 1063 3841 neque
1085 3741 1174 3819 ueniss

106 3840 176 3903 enti
198 3841 358 3925 resistere,
381 3843 444 3906 nisi
459 3841 567 3928 aliqua
580 3842 643 3908 loci
659 3845 834 3909 munitione
847 3843 981 3928 defensi,
996 3840 1172 3922 auderent
