<?xml version="1.0" encoding="UTF-8"?>
<!DOCTYPE html PUBLIC "-//W3C//DTD XHTML 1.0 Transitional//EN"
    "http://www.w3.org/TR/xhtml1/DTD/xhtml1-transitional.dtd">
<html xmlns="http://www.w3.org/1999/xhtml" xml:lang="en" lang="en">
 <head>
  <title>
</title>
<meta http-equiv="Content-Type" content="text/html;charset=utf-8" />
  <meta name='ocr-system' content='tesseract 3.04.00' />
  <meta name='ocr-capabilities' content='ocr_page ocr_carea ocr_par ocr_line ocrx_word'/>
</head>
<body>
  <div class='ocr_page' id='page_1' title='image "./einhardivitakar00einhgoog_0035.png"; bbox 0 0 2596 4246; ppageno 0'>
   <div class='ocr_carea' id='block_1_1' title="bbox 437 839 916 936">
    <p class='ocr_par' dir='ltr' id='par_1_1' title="bbox 437 839 916 936">
     <span class='ocr_line' id='line_1_1' title="bbox 437 839 916 936; baseline 0.004 -2"><span class='ocrx_word' id='word_1_1' title='bbox 437 839 709 935; x_wconf 76' lang='lat' dir='ltr'>onavvaam</span> <span class='ocrx_word' id='word_1_2' title='bbox 731 865 916 936; x_wconf 78' lang='lat' dir='ltr'>vaasvs,</span> 
     </span>
    </p>
   </div>
   <div class='ocr_carea' id='block_1_2' title="bbox 663 1019 725 1028">
    <p class='ocr_par' dir='ltr' id='par_1_2' title="bbox 663 1019 725 1028">
     <span class='ocr_line' id='line_1_2' title="bbox 663 1019 725 1028; baseline 0.032 -2"><span class='ocrx_word' id='word_1_3' title='bbox 663 1019 725 1028; x_wconf 78' lang='grc'>..--</span> 
     </span>
    </p>
   </div>
   <div class='ocr_carea' id='block_1_3' title="bbox 186 1114 1079 1538">
    <p class='ocr_par' dir='ltr' id='par_1_3' title="bbox 186 1114 1079 1538">
     <span class='ocr_line' id='line_1_3' title="bbox 186 1114 1079 1184; baseline 0.001 -18"><span class='ocrx_word' id='word_1_4' title='bbox 186 1123 197 1130; x_wconf 73' lang='grc'>“·</span> <span class='ocrx_word' id='word_1_5' title='bbox 286 1114 345 1166; x_wconf 91' lang='lat' dir='ltr'>Hos</span> <span class='ocrx_word' id='word_1_6' title='bbox 364 1116 416 1167; x_wconf 90' lang='lat' dir='ltr'>tibi</span> <span class='ocrx_word' id='word_1_7' title='bbox 434 1115 588 1167; x_wconf 88' lang='lat' dir='ltr'>uersiculos</span> <span class='ocrx_word' id='word_1_8' title='bbox 607 1115 643 1166; x_wconf 92' lang='lat' dir='ltr'>ad</span> <span class='ocrx_word' id='word_1_9' title='bbox 661 1115 782 1182; x_wconf 84' lang='lat' dir='ltr'>laudem,</span> <span class='ocrx_word' id='word_1_10' title='bbox 801 1117 923 1167; x_wconf 84' lang='lat' dir='ltr'><strong>maxime</strong></span> <span class='ocrx_word' id='word_1_11' title='bbox 941 1116 1079 1184; x_wconf 77' lang='lat' dir='ltr'>princeps,</span> 
     </span>
     <span class='ocr_line' id='line_1_4' title="bbox 338 1184 979 1253; baseline 0.002 -17"><span class='ocrx_word' id='word_1_12' title='bbox 338 1185 435 1237; x_wconf 82' lang='lat' dir='ltr'>Edidit</span> <span class='ocrx_word' id='word_1_13' title='bbox 453 1191 577 1238; x_wconf 89' lang='lat' dir='ltr'>eternam</span> <span class='ocrx_word' id='word_1_14' title='bbox 596 1189 816 1253; x_wconf 78' lang='lat' dir='ltr'>memoriamque</span> <span class='ocrx_word' id='word_1_15' title='bbox 835 1192 912 1237; x_wconf 90' lang='lat' dir='ltr'>tuam</span> <span class='ocrx_word' id='word_1_16' title='bbox 976 1184 979 1187; x_wconf 78' lang='grc'><strong>’</strong></span> 
     </span>
     <span class='ocr_line' id='line_1_5' title="bbox 286 1254 1079 1325; baseline -0.004 -15"><span class='ocrx_word' id='word_1_17' title='bbox 286 1254 466 1310; x_wconf 85' lang='lat' dir='ltr'>Geruuardus</span> <span class='ocrx_word' id='word_1_18' title='bbox 486 1258 604 1325; x_wconf 84' lang='lat' dir='ltr'>supplex</span> <span class='ocrx_word' id='word_1_19' title='bbox 623 1258 755 1324; x_wconf 76' lang='lat' dir='ltr'>famulus,</span> <span class='ocrx_word' id='word_1_20' title='bbox 774 1260 822 1324; x_wconf 88' lang='lat' dir='ltr'>qui</span> <span class='ocrx_word' id='word_1_21' title='bbox 842 1261 934 1308; x_wconf 89' lang='lat' dir='ltr'>mente</span> <span class='ocrx_word' id='word_1_22' title='bbox 954 1259 1079 1325; x_wconf 84' lang='lat' dir='ltr'>benigna</span> 
     </span>
     <span class='ocr_line' id='line_1_6' title="bbox 338 1329 996 1398; baseline 0 -18"><span class='ocrx_word' id='word_1_23' title='bbox 338 1331 491 1398; x_wconf 80' lang='lat' dir='ltr'>Egregium</span> <span class='ocrx_word' id='word_1_24' title='bbox 510 1329 622 1380; x_wconf 77' lang='lat' dir='ltr'>extollit</span> <span class='ocrx_word' id='word_1_25' title='bbox 640 1344 743 1381; x_wconf 91' lang='lat' dir='ltr'>nomen</span> <span class='ocrx_word' id='word_1_26' title='bbox 761 1329 797 1381; x_wconf 90' lang='lat' dir='ltr'>ad</span> <span class='ocrx_word' id='word_1_27' title='bbox 816 1334 890 1381; x_wconf 81' lang='lat' dir='ltr'>astra</span> <span class='ocrx_word' id='word_1_28' title='bbox 909 1333 996 1380; x_wconf 90' lang='lat' dir='ltr'>tuum.</span> 
     </span>
     <span class='ocr_line' id='line_1_7' title="bbox 286 1398 1040 1469; baseline -0.001 -19"><span class='ocrx_word' id='word_1_29' title='bbox 286 1398 364 1450; x_wconf 89' lang='lat' dir='ltr'>Hanc</span> <span class='ocrx_word' id='word_1_30' title='bbox 382 1400 505 1468; x_wconf 84' lang='lat' dir='ltr'>prudens</span> <span class='ocrx_word' id='word_1_31' title='bbox 524 1404 631 1469; x_wconf 87' lang='lat' dir='ltr'>gestam</span> <span class='ocrx_word' id='word_1_32' title='bbox 650 1402 726 1453; x_wconf 90' lang='lat' dir='ltr'>noris</span> <span class='ocrx_word' id='word_1_33' title='bbox 746 1404 777 1452; x_wconf 89' lang='lat' dir='ltr'>tu</span> <span class='ocrx_word' id='word_1_34' title='bbox 796 1401 925 1466; x_wconf 80' lang='lat' dir='ltr'>scribere,</span> <span class='ocrx_word' id='word_1_35' title='bbox 944 1400 1040 1464; x_wconf 80' lang='lat' dir='ltr'>lector,</span> 
     </span>
     <span class='ocr_line' id='line_1_8' title="bbox 339 1471 962 1538; baseline -0.002 -16"><span class='ocrx_word' id='word_1_36' title='bbox 339 1471 526 1536; x_wconf 80' lang='lat' dir='ltr'>Einhardum,</span> <span class='ocrx_word' id='word_1_37' title='bbox 545 1472 640 1538; x_wconf 88' lang='lat' dir='ltr'>magni</span> <span class='ocrx_word' id='word_1_38' title='bbox 660 1472 838 1538; x_wconf 83' lang='lat' dir='ltr'>magnificum</span> <span class='ocrx_word' id='word_1_39' title='bbox 856 1471 962 1522; x_wconf 87' lang='lat' dir='ltr'>Karoli.</span> 
     </span>
    </p>
   </div>
   <div class='ocr_carea' id='block_1_4' title="bbox 679 1721 783 1731">
    <p class='ocr_par' dir='ltr' id='par_1_4' title="bbox 679 1721 783 1731">
     <span class='ocr_line' id='line_1_9' title="bbox 679 1721 783 1731; baseline -0.01 0"><span class='ocrx_word' id='word_1_40' title='bbox 679 1723 684 1731; x_wconf 56' lang='grc' dir='ltr'>κ</span> <span class='ocrx_word' id='word_1_41' title='bbox 704 1721 783 1731; x_wconf 58' lang='lat' dir='ltr'>-Amw</span> 
     </span>
    </p>
   </div>
   <div class='ocr_carea' id='block_1_5' title="bbox 385 1951 971 2025">
    <p class='ocr_par' dir='ltr' id='par_1_5' title="bbox 385 1951 971 2025">
     <span class='ocr_line' id='line_1_10' title="bbox 385 1951 971 2025; baseline -0.002 -1"><span class='ocrx_word' id='word_1_42' title='bbox 385 1953 685 2025; x_wconf 80' lang='lat' dir='ltr'><strong>VVALAFRIDI</strong></span> <span class='ocrx_word' id='word_1_43' title='bbox 712 1951 971 2024; x_wconf 78' lang='lat' dir='ltr'><strong>PROLOGVS.</strong></span> 
     </span>
    </p>
   </div>
   <div class='ocr_carea' id='block_1_6' title="bbox 130 2252 1292 3853">
    <p class='ocr_par' dir='ltr' id='par_1_6' title="bbox 145 2252 1217 2786">
     <span class='ocr_line' id='line_1_11' title="bbox 177 2252 1217 2348; baseline 0.001 -27"><span class='ocrx_word' id='word_1_44' title='bbox 177 2275 179 2279; x_wconf 75' lang='grc'>’</span> <span class='ocrx_word' id='word_1_45' title='bbox 237 2252 467 2323; x_wconf 83' lang='lat' dir='ltr'>Gloriosissimi</span> <span class='ocrx_word' id='word_1_46' title='bbox 490 2259 692 2344; x_wconf 86' lang='lat' dir='ltr'>imperatoris</span> <span class='ocrx_word' id='word_1_47' title='bbox 708 2255 821 2323; x_wconf 89' lang='lat' dir='ltr'>Karoli</span> <span class='ocrx_word' id='word_1_48' title='bbox 838 2259 938 2322; x_wconf 89' lang='lat' dir='ltr'>uitam</span> <span class='ocrx_word' id='word_1_49' title='bbox 956 2255 988 2320; x_wconf 89' lang='lat' dir='ltr'>et</span> <span class='ocrx_word' id='word_1_50' title='bbox 1004 2265 1106 2341; x_wconf 84' lang='lat' dir='ltr'>gesta,</span> <span class='ocrx_word' id='word_1_51' title='bbox 1129 2279 1217 2348; x_wconf 86' lang='lat' dir='ltr'>quae</span> 
     </span>
     <span class='ocr_line' id='line_1_12' title="bbox 147 2345 1216 2434; baseline -0.002 -23"><span class='ocrx_word' id='word_1_52' title='bbox 147 2346 290 2411; x_wconf 88' lang='lat' dir='ltr'>subiecta</span> <span class='ocrx_word' id='word_1_53' title='bbox 312 2357 400 2432; x_wconf 86' lang='lat' dir='ltr'>sunt,</span> <span class='ocrx_word' id='word_1_54' title='bbox 424 2345 616 2431; x_wconf 83' lang='lat' dir='ltr'>Einhartus,</span> <span class='ocrx_word' id='word_1_55' title='bbox 640 2348 691 2409; x_wconf 88' lang='lat' dir='ltr'>uir</span> <span class='ocrx_word' id='word_1_56' title='bbox 712 2345 794 2411; x_wconf 90' lang='lat' dir='ltr'>inter</span> <span class='ocrx_word' id='word_1_57' title='bbox 818 2369 928 2411; x_wconf 87' lang='lat' dir='ltr'>omnes</span> <span class='ocrx_word' id='word_1_58' title='bbox 946 2345 1039 2410; x_wconf 87' lang='lat' dir='ltr'>huius</span> <span class='ocrx_word' id='word_1_59' title='bbox 1055 2348 1216 2434; x_wconf 83' lang='lat' dir='ltr'>temporis</span> 
     </span>
     <span class='ocr_line' id='line_1_13' title="bbox 145 2435 1212 2522; baseline 0 -23"><span class='ocrx_word' id='word_1_60' title='bbox 145 2435 302 2522; x_wconf 85' lang='lat' dir='ltr'>palatinos</span> <span class='ocrx_word' id='word_1_61' title='bbox 325 2458 389 2500; x_wconf 92' lang='lat' dir='ltr'>non</span> <span class='ocrx_word' id='word_1_62' title='bbox 412 2435 514 2499; x_wconf 88' lang='lat' dir='ltr'>solum</span> <span class='ocrx_word' id='word_1_63' title='bbox 539 2458 598 2520; x_wconf 91' lang='lat' dir='ltr'>pro</span> <span class='ocrx_word' id='word_1_64' title='bbox 622 2436 764 2520; x_wconf 87' lang='lat' dir='ltr'>scientia,</span> <span class='ocrx_word' id='word_1_65' title='bbox 790 2457 903 2499; x_wconf 90' lang='lat' dir='ltr'>uerum</span> <span class='ocrx_word' id='word_1_66' title='bbox 924 2445 955 2500; x_wconf 90' lang='lat' dir='ltr'>et</span> <span class='ocrx_word' id='word_1_67' title='bbox 978 2451 1036 2521; x_wconf 89' lang='lat' dir='ltr'>pro</span> <span class='ocrx_word' id='word_1_68' title='bbox 1059 2436 1212 2499; x_wconf 87' lang='lat' dir='ltr'>uniuersa</span> 
     </span>
     <span class='ocr_line' id='line_1_14' title="bbox 145 2521 1217 2611; baseline 0 -24"><span class='ocrx_word' id='word_1_69' title='bbox 145 2546 272 2588; x_wconf 90' lang='lat' dir='ltr'>morum</span> <span class='ocrx_word' id='word_1_70' title='bbox 295 2521 462 2590; x_wconf 90' lang='lat' dir='ltr'>honestate</span> <span class='ocrx_word' id='word_1_71' title='bbox 485 2524 588 2588; x_wconf 93' lang='lat' dir='ltr'>laudis</span> <span class='ocrx_word' id='word_1_72' title='bbox 612 2526 755 2609; x_wconf 88' lang='lat' dir='ltr'>egregie,</span> <span class='ocrx_word' id='word_1_73' title='bbox 780 2524 987 2611; x_wconf 79' lang='lat' dir='ltr'>descripsisse</span> <span class='ocrx_word' id='word_1_74' title='bbox 1008 2525 1217 2610; x_wconf 79' lang='lat' dir='ltr'>cognoscitur</span> 
     </span>
     <span class='ocr_line' id='line_1_15' title="bbox 146 2612 1211 2700; baseline -0.001 -23"><span class='ocrx_word' id='word_1_75' title='bbox 146 2622 178 2677; x_wconf 89' lang='lat' dir='ltr'>et</span> <span class='ocrx_word' id='word_1_76' title='bbox 201 2614 372 2698; x_wconf 85' lang='lat' dir='ltr'>purissime</span> <span class='ocrx_word' id='word_1_77' title='bbox 394 2614 556 2695; x_wconf 88' lang='lat' dir='ltr'>ueritatis,</span> <span class='ocrx_word' id='word_1_78' title='bbox 580 2620 690 2697; x_wconf 84' lang='lat' dir='ltr'>utpote</span> <span class='ocrx_word' id='word_1_79' title='bbox 714 2614 768 2699; x_wconf 91' lang='lat' dir='ltr'>qui</span> <span class='ocrx_word' id='word_1_80' title='bbox 787 2614 837 2678; x_wconf 90' lang='lat' dir='ltr'>his</span> <span class='ocrx_word' id='word_1_81' title='bbox 856 2636 938 2700; x_wconf 92' lang='lat' dir='ltr'>pene</span> <span class='ocrx_word' id='word_1_82' title='bbox 954 2612 1100 2677; x_wconf 87' lang='lat' dir='ltr'>omnibus</span> <span class='ocrx_word' id='word_1_83' title='bbox 1115 2615 1211 2677; x_wconf 90' lang='lat' dir='ltr'>inter·</span> 
     </span>
     <span class='ocr_line' id='line_1_16' title="bbox 145 2701 668 2786; baseline 0.004 -21"><span class='ocrx_word' id='word_1_84' title='bbox 145 2702 256 2786; x_wconf 84' lang='lat' dir='ltr'>fuerit,</span> <span class='ocrx_word' id='word_1_85' title='bbox 281 2704 465 2767; x_wconf 87' lang='lat' dir='ltr'>testimonio</span> <span class='ocrx_word' id='word_1_86' title='bbox 490 2701 668 2767; x_wconf 85' lang='lat' dir='ltr'>roborasse.</span> 
     </span>
    </p>

    <p class='ocr_par' dir='ltr' id='par_1_7' title="bbox 144 2789 1292 3501">
     <span class='ocr_line' id='line_1_17' title="bbox 235 2789 1214 2875; baseline -0.002 -21"><span class='ocrx_word' id='word_1_87' title='bbox 235 2789 341 2855; x_wconf 86' lang='lat' dir='ltr'>Natus</span> <span class='ocrx_word' id='word_1_88' title='bbox 364 2793 449 2856; x_wconf 89' lang='lat' dir='ltr'>enim</span> <span class='ocrx_word' id='word_1_89' title='bbox 473 2791 506 2854; x_wconf 92' lang='lat' dir='ltr'>in</span> <span class='ocrx_word' id='word_1_90' title='bbox 522 2789 668 2855; x_wconf 82' lang='lat' dir='ltr'>orientali</span> <span class='ocrx_word' id='word_1_91' title='bbox 683 2791 822 2854; x_wconf 81' lang='lat' dir='ltr'>Francia</span> <span class='ocrx_word' id='word_1_92' title='bbox 844 2791 878 2854; x_wconf 91' lang='lat' dir='ltr'>in</span> <span class='ocrx_word' id='word_1_93' title='bbox 901 2811 995 2875; x_wconf 88' lang='lat' dir='ltr'>pago,</span> <span class='ocrx_word' id='word_1_94' title='bbox 1021 2791 1075 2875; x_wconf 91' lang='lat' dir='ltr'>qui</span> <span class='ocrx_word' id='word_1_95' title='bbox 1095 2789 1214 2853; x_wconf 86' lang='lat' dir='ltr'>dicitur</span> 
     </span>
     <span class='ocr_line' id='line_1_18' title="bbox 145 2877 1214 2964; baseline 0 -21"><span class='ocrx_word' id='word_1_96' title='bbox 145 2877 352 2964; x_wconf 89' lang='lat' dir='ltr'>Moingeuui,</span> <span class='ocrx_word' id='word_1_97' title='bbox 387 2882 420 2944; x_wconf 91' lang='lat' dir='ltr'>in</span> <span class='ocrx_word' id='word_1_98' title='bbox 449 2879 604 2943; x_wconf 85' lang='lat' dir='ltr'>Fuldensi</span> <span class='ocrx_word' id='word_1_99' title='bbox 634 2880 768 2943; x_wconf 90' lang='lat' dir='ltr'>cenobio</span> <span class='ocrx_word' id='word_1_100' title='bbox 802 2879 861 2942; x_wconf 90' lang='lat' dir='ltr'>sub</span> <span class='ocrx_word' id='word_1_101' title='bbox 893 2877 1075 2964; x_wconf 87' lang='lat' dir='ltr'>pedagogio</span> <span class='ocrx_word' id='word_1_102' title='bbox 1110 2881 1214 2944; x_wconf 86' lang='lat' dir='ltr'>sancti</span> 
     </span>
     <span class='ocr_line' id='line_1_19' title="bbox 144 2967 1211 3055; baseline 0 -24"><span class='ocrx_word' id='word_1_103' title='bbox 144 2967 305 3033; x_wconf 84' lang='lat' dir='ltr'>Bonifacii</span> <span class='ocrx_word' id='word_1_104' title='bbox 317 2971 458 3033; x_wconf 91' lang='lat' dir='ltr'>martiris</span> <span class='ocrx_word' id='word_1_105' title='bbox 469 2971 573 3054; x_wconf 87' lang='lat' dir='ltr'>prima</span> <span class='ocrx_word' id='word_1_106' title='bbox 584 2968 716 3055; x_wconf 87' lang='lat' dir='ltr'>puerilis</span> <span class='ocrx_word' id='word_1_107' title='bbox 732 2969 890 3032; x_wconf 85' lang='lat' dir='ltr'>nutritura</span> <span class='ocrx_word' id='word_1_108' title='bbox 906 2967 1088 3032; x_wconf 88' lang='lat' dir='ltr'>rudimenta</span> <span class='ocrx_word' id='word_1_109' title='bbox 1104 2990 1211 3031; x_wconf 87' lang='lat' dir='ltr'>susce·</span> 
     </span>
     <span class='ocr_line' id='line_1_20' title="bbox 146 3055 1292 3144; baseline -0.001 -23"><span class='ocrx_word' id='word_1_110' title='bbox 146 3059 208 3144; x_wconf 54' lang='lat' dir='ltr'>pit„</span> <span class='ocrx_word' id='word_1_111' title='bbox 251 3055 394 3144; x_wconf 90' lang='lat' dir='ltr'>Indeque</span> <span class='ocrx_word' id='word_1_112' title='bbox 415 3059 525 3144; x_wconf 86' lang='lat' dir='ltr'>pocius</span> <span class='ocrx_word' id='word_1_113' title='bbox 546 3067 678 3144; x_wconf 91' lang='lat' dir='ltr'>propter</span> <span class='ocrx_word' id='word_1_114' title='bbox 698 3057 956 3140; x_wconf 82' lang='lat' dir='ltr'>singularitatem</span> <span class='ocrx_word' id='word_1_115' title='bbox 976 3058 1163 3143; x_wconf 81' lang='lat' dir='ltr'>capacitatis</span> <span class='ocrx_word' id='word_1_116' title='bbox 1180 3067 1215 3120; x_wconf 89' lang='lat' dir='ltr'>et</span> <span class='ocrx_word' id='word_1_117' title='bbox 1288 3060 1292 3067; x_wconf 87' lang='lat'>&#39;</span> 
     </span>
     <span class='ocr_line' id='line_1_21' title="bbox 145 3143 1217 3232; baseline -0.001 -22"><span class='ocrx_word' id='word_1_118' title='bbox 145 3146 370 3231; x_wconf 88' lang='lat' dir='ltr'>intelligencie,</span> <span class='ocrx_word' id='word_1_119' title='bbox 396 3169 477 3232; x_wconf 86' lang='lat' dir='ltr'>quae</span> <span class='ocrx_word' id='word_1_120' title='bbox 500 3147 565 3210; x_wconf 91' lang='lat' dir='ltr'>iam</span> <span class='ocrx_word' id='word_1_121' title='bbox 588 3157 656 3211; x_wconf 89' lang='lat' dir='ltr'>tum</span> <span class='ocrx_word' id='word_1_122' title='bbox 678 3146 711 3208; x_wconf 92' lang='lat' dir='ltr'>in</span> <span class='ocrx_word' id='word_1_123' title='bbox 734 3145 788 3209; x_wconf 91' lang='lat' dir='ltr'>illo</span> <span class='ocrx_word' id='word_1_124' title='bbox 808 3167 972 3231; x_wconf 89' lang='lat' dir='ltr'>magnum,</span> <span class='ocrx_word' id='word_1_125' title='bbox 997 3143 1081 3231; x_wconf 91' lang='lat' dir='ltr'>quod</span> <span class='ocrx_word' id='word_1_126' title='bbox 1100 3154 1217 3232; x_wconf 86' lang='lat' dir='ltr'>postea</span> 
     </span>
     <span class='ocr_line' id='line_1_22' title="bbox 147 3233 1212 3324; baseline 0 -26"><span class='ocrx_word' id='word_1_127' title='bbox 147 3235 276 3315; x_wconf 88' lang='lat' dir='ltr'>claruit,</span> <span class='ocrx_word' id='word_1_128' title='bbox 301 3237 464 3322; x_wconf 89' lang='lat' dir='ltr'>specimen</span> <span class='ocrx_word' id='word_1_129' title='bbox 488 3236 644 3324; x_wconf 90' lang='lat' dir='ltr'>sapientie</span> <span class='ocrx_word' id='word_1_130' title='bbox 666 3234 890 3320; x_wconf 79' lang='lat' dir='ltr'>promittebat,</span> <span class='ocrx_word' id='word_1_131' title='bbox 915 3255 1012 3318; x_wconf 90' lang='lat' dir='ltr'>quam</span> <span class='ocrx_word' id='word_1_132' title='bbox 1036 3233 1076 3298; x_wconf 91' lang='lat' dir='ltr'>ob</span> <span class='ocrx_word' id='word_1_133' title='bbox 1099 3233 1212 3298; x_wconf 92' lang='lat' dir='ltr'>nobili-</span> 
     </span>
     <span class='ocr_line' id='line_1_23' title="bbox 150 3322 1216 3409; baseline -0.001 -21"><span class='ocrx_word' id='word_1_134' title='bbox 150 3325 235 3407; x_wconf 87' lang='lat' dir='ltr'>tatis,</span> <span class='ocrx_word' id='word_1_135' title='bbox 262 3323 346 3409; x_wconf 91' lang='lat' dir='ltr'>quod</span> <span class='ocrx_word' id='word_1_136' title='bbox 370 3325 403 3389; x_wconf 93' lang='lat' dir='ltr'>in</span> <span class='ocrx_word' id='word_1_137' title='bbox 427 3347 464 3388; x_wconf 89' lang='lat' dir='ltr'>eo</span> <span class='ocrx_word' id='word_1_138' title='bbox 488 3326 592 3387; x_wconf 91' lang='lat' dir='ltr'>minus</span> <span class='ocrx_word' id='word_1_139' title='bbox 616 3333 686 3387; x_wconf 87' lang='lat' dir='ltr'>erat</span> <span class='ocrx_word' id='word_1_140' title='bbox 709 3324 845 3407; x_wconf 87' lang='lat' dir='ltr'>insigne,</span> <span class='ocrx_word' id='word_1_141' title='bbox 869 3346 889 3388; x_wconf 90' lang='lat' dir='ltr'>a</span> <span class='ocrx_word' id='word_1_142' title='bbox 911 3322 1071 3408; x_wconf 83' lang='lat' dir='ltr'>Baugolfo</span> <span class='ocrx_word' id='word_1_143' title='bbox 1095 3323 1216 3388; x_wconf 87' lang='lat' dir='ltr'>abbate</span> 
     </span>
     <span class='ocr_line' id='line_1_24' title="bbox 146 3410 1212 3501; baseline -0.001 -24"><span class='ocrx_word' id='word_1_144' title='bbox 146 3415 333 3477; x_wconf 87' lang='lat' dir='ltr'>monasterii</span> <span class='ocrx_word' id='word_1_145' title='bbox 364 3410 539 3501; x_wconf 86' lang='lat' dir='ltr'>supradicti</span> <span class='ocrx_word' id='word_1_146' title='bbox 571 3415 605 3476; x_wconf 92' lang='lat' dir='ltr'>in</span> <span class='ocrx_word' id='word_1_147' title='bbox 633 3410 792 3499; x_wconf 88' lang='lat' dir='ltr'>palacium</span> <span class='ocrx_word' id='word_1_148' title='bbox 816 3412 930 3476; x_wconf 87' lang='lat' dir='ltr'>Karoli</span> <span class='ocrx_word' id='word_1_149' title='bbox 953 3411 1129 3476; x_wconf 87' lang='lat' dir='ltr'>translatus</span> <span class='ocrx_word' id='word_1_150' title='bbox 1153 3421 1212 3476; x_wconf 89' lang='lat' dir='ltr'>est.</span> 
     </span>
    </p>

    <p class='ocr_par' dir='ltr' id='par_1_8' title="bbox 130 3498 1217 3853">
     <span class='ocr_line' id='line_1_25' title="bbox 237 3498 1217 3590; baseline 0 -25"><span class='ocrx_word' id='word_1_151' title='bbox 237 3498 364 3588; x_wconf 84' lang='lat' dir='ltr'>Quippe</span> <span class='ocrx_word' id='word_1_152' title='bbox 381 3504 435 3589; x_wconf 94' lang='lat' dir='ltr'>qui</span> <span class='ocrx_word' id='word_1_153' title='bbox 451 3502 593 3566; x_wconf 91' lang='lat' dir='ltr'>omnium</span> <span class='ocrx_word' id='word_1_154' title='bbox 608 3522 722 3585; x_wconf 88' lang='lat' dir='ltr'>regum</span> <span class='ocrx_word' id='word_1_155' title='bbox 739 3501 940 3565; x_wconf 88' lang='lat' dir='ltr'>auidissimus</span> <span class='ocrx_word' id='word_1_156' title='bbox 962 3511 1031 3565; x_wconf 89' lang='lat' dir='ltr'>erat</span> <span class='ocrx_word' id='word_1_157' title='bbox 1051 3503 1217 3590; x_wconf 84' lang='lat' dir='ltr'>sapientes</span> 
     </span>
     <span class='ocr_line' id='line_1_26' title="bbox 147 3588 1213 3677; baseline 0.001 -23"><span class='ocrx_word' id='word_1_158' title='bbox 147 3590 319 3674; x_wconf 89' lang='lat' dir='ltr'>diligenter</span> <span class='ocrx_word' id='word_1_159' title='bbox 342 3592 503 3677; x_wconf 88' lang='lat' dir='ltr'>inquirere</span> <span class='ocrx_word' id='word_1_160' title='bbox 527 3599 574 3673; x_wconf 90' lang='lat' dir='ltr'>et,</span> <span class='ocrx_word' id='word_1_161' title='bbox 605 3598 641 3653; x_wconf 92' lang='lat' dir='ltr'>ut</span> <span class='ocrx_word' id='word_1_162' title='bbox 671 3611 745 3654; x_wconf 91' lang='lat' dir='ltr'>cum</span> <span class='ocrx_word' id='word_1_163' title='bbox 768 3592 855 3654; x_wconf 92' lang='lat' dir='ltr'>omni</span> <span class='ocrx_word' id='word_1_164' title='bbox 878 3588 1091 3654; x_wconf 84' lang='lat' dir='ltr'>delectatione</span> <span class='ocrx_word' id='word_1_165' title='bbox 1113 3589 1213 3676; x_wconf 92' lang='lat' dir='ltr'>philo·</span> 
     </span>
     <span class='ocr_line' id='line_1_27' title="bbox 147 3676 1213 3765; baseline -0.001 -22"><span class='ocrx_word' id='word_1_166' title='bbox 147 3677 377 3765; x_wconf 87' lang='lat' dir='ltr'>sopharentur,</span> <span class='ocrx_word' id='word_1_167' title='bbox 411 3680 568 3744; x_wconf 87' lang='lat' dir='ltr'>excolere.</span> <span class='ocrx_word' id='word_1_168' title='bbox 615 3676 693 3742; x_wconf 91' lang='lat' dir='ltr'>Ideo</span> <span class='ocrx_word' id='word_1_169' title='bbox 725 3680 817 3765; x_wconf 88' lang='lat' dir='ltr'>regni</span> <span class='ocrx_word' id='word_1_170' title='bbox 841 3702 860 3743; x_wconf 97' lang='lat' dir='ltr'>a</span> <span class='ocrx_word' id='word_1_171' title='bbox 884 3676 942 3743; x_wconf 88' lang='lat' dir='ltr'>deo</span> <span class='ocrx_word' id='word_1_172' title='bbox 967 3679 1027 3742; x_wconf 86' lang='lat' dir='ltr'>sibi</span> <span class='ocrx_word' id='word_1_173' title='bbox 1052 3679 1213 3743; x_wconf 90' lang='lat' dir='ltr'>commissi</span> 
     </span>
     <span class='ocr_line' id='line_1_28' title="bbox 130 3765 1214 3853; baseline 0.001 -22"><span class='ocrx_word' id='word_1_174' title='bbox 130 3767 334 3832; x_wconf 82' lang='lat' dir='ltr'>nebulosam</span> <span class='ocrx_word' id='word_1_175' title='bbox 365 3778 413 3853; x_wconf 88' lang='lat' dir='ltr'>et,</span> <span class='ocrx_word' id='word_1_176' title='bbox 449 3777 485 3832; x_wconf 89' lang='lat' dir='ltr'>ut</span> <span class='ocrx_word' id='word_1_177' title='bbox 517 3769 563 3831; x_wconf 90' lang='lat' dir='ltr'>ita</span> <span class='ocrx_word' id='word_1_178' title='bbox 598 3766 721 3851; x_wconf 90' lang='lat' dir='ltr'>dicam,</span> <span class='ocrx_word' id='word_1_179' title='bbox 757 3789 838 3853; x_wconf 91' lang='lat' dir='ltr'>pene</span> <span class='ocrx_word' id='word_1_180' title='bbox 871 3790 979 3832; x_wconf 90' lang='lat' dir='ltr'>cecam</span> <span class='ocrx_word' id='word_1_181' title='bbox 1011 3765 1214 3832; x_wconf 87' lang='lat' dir='ltr'>latitudinem</span> 
     </span>
    </p>
   </div>
   <div class='ocr_carea' id='block_1_7' title="bbox 0 0 1310 4246">
    <p class='ocr_par' dir='ltr' id='par_1_9' title="bbox 0 0 1310 4246">
     <span class='ocr_line' id='line_1_29' title="bbox 0 0 1310 4246; baseline 0 0"><span class='ocrx_word' id='word_1_182' title='bbox 0 0 1310 4246; x_wconf 95' lang='lat' dir='ltr'> </span> 
     </span>
    </p>
   </div>
  </div>
 </body>
</html>
