2596 4246
512 176 727 242 .„27...

90 352 178 418 urbis
198 350 569 439 Constantinopolitanae
593 353 744 436 continet,
768 354 853 418 inter
876 362 984 418 cetera
1008 351 1154 436 donaria,

91 465 174 529 quae
204 440 245 507 ad
276 439 336 507 hoo
366 441 519 527 deputata
544 452 631 527 sunt,
654 441 791 508 Romam
815 440 854 505 ad
878 441 1043 507 basilicam
1066 441 1155 506 beati

93 532 182 596 Petri
207 532 343 617 apostoli
368 529 545 610 deferatur,
578 540 611 596 et
643 531 757 613 altera,
786 553 869 617 quae
892 530 995 596 forma
1017 529 1156 595 rotunda

91 621 255 685 Romanae
279 619 367 684 urbis
392 617 499 705 effigie
522 619 662 705 figurata
686 629 747 704 est,
772 621 934 707 episcopio
958 619 1154 685 Rauennatis

92 709 245 774 ecclesiae
279 708 472 774 conferatur.
528 707 688 792 Tertiam,
720 730 802 794 quae
835 711 950 774 ceteris
985 717 1018 772 et
1049 709 1154 794 operis

91 797 327 888 pulchritudine
351 807 384 862 et
407 796 556 885 ponderis
580 800 740 883 grauitate
760 798 897 863 multum
914 797 1052 881 excellit,
1071 818 1155 882 quae

92 910 133 952 ex
156 887 257 952 tribus
277 886 407 952 orbibus
423 909 546 952 conexa
568 887 666 951 totius
689 885 801 951 mnndi
815 887 1065 973 descriptionem
1080 884 1153 949 sub-

92 976 141 1040 tili
164 999 202 1041 ac
225 977 349 1041 minuta
372 974 562 1060 figuratione
585 975 811 1063 conplectitur,
845 985 878 1040 et
900 996 1033 1040 auream
1056 973 1154 1056 illam,

93 1087 175 1151 quae
192 1073 307 1151 quarta
321 1087 390 1129 esse
407 1063 494 1129 dicta
517 1073 575 1148 est,
599 1066 633 1128 in
655 1066 771 1130 tertiae
794 1064 878 1129 illius
903 1073 935 1128 et
957 1066 1041 1129 inter
1063 1063 1153 1128 here-

91 1155 148 1219 des
172 1176 245 1218 suos
268 1163 365 1240 atque
389 1155 421 1218 in
441 1155 659 1219 eleimcsinam
675 1152 867 1219 diuidendae
884 1154 985 1240 partis
1001 1173 1153 1237 augmen-

92 1252 160 1307 tum
184 1265 254 1308 esso
277 1244 452 1308 constituit.

180 1331 274 1396 Hanc
321 1333 578 1396 constitutionem
623 1340 720 1417 atque
769 1328 1001 1396 ordinationem
1047 1351 1155 1394 coram

90 1421 264 1508 episcopis,
301 1420 470 1485 abbatibus
503 1420 753 1506 comitibusque,
789 1421 845 1505 qui
871 1428 948 1484 tunc
971 1427 1155 1506 praesentes

93 1532 162 1574 esso
195 1519 381 1596 potuerunt,
415 1529 615 1595 quorumque
647 1507 699 1574 hic
726 1510 855 1573 nomina
883 1506 1042 1596 descripta
1072 1516 1155 1590 sunt,

93 1599 170 1663 fecit
193 1607 291 1684 atque
315 1599 489 1663 constituit.
536 1597 703 1685 Episcopi:
729 1595 955 1682 Hildebaldus,
980 1595 1154 1680 Richolfus,

91 1686 176 1770 Arn,
202 1687 399 1768 Vuolfarius,
424 1687 617 1769 Bernoinus,
641 1685 831 1771 Laidradns,
856 1685 1025 1769 Iohannes,
1050 1684 1155 1750 Theo-

93 1775 209 1859 dulfus,
235 1775 332 1860 Iesse,
357 1774 465 1859 Heito,
486 1775 717 1860 Vnaltgaudus.
764 1774 922 1840 Abbates:
947 1774 1156 1860 Fredugisus,

95 1864 297 1950 Adalungus,
323 1864 542 1950 Engilbertus,
567 1865 701 1930 Irmino.
742 1861 900 1929 Comites:
927 1863 1063 1946 Vualah,
1088 1861 1156 1928 Me-

89 1951 232 2038 ginheri,
273 1951 417 2035 Otulfus,
462 1950 658 2040 Stephanus,
696 1952 900 2038 Vnruochus,
940 1951 1156 2038 Burcbardus,

90 2040 338 2125 Meginhardus,
362 2042 478 2127 Hatto,
504 2041 700 2126 Rihuuinus,
725 2040 808 2126 Ede,
834 2041 1070 2127 Ercangarius,
1093 2039 1157 2107 Ge-

91 2131 212 2212 roldus,
236 2131 336 2215 Bere,
361 2130 586 2218 Hildigemus,
612 2127 834 2195 Hrocoolfus.“

180 2220 271 2285 Haec
310 2222 418 2285 omnia
458 2220 541 2285 filius
578 2222 645 2285 eius
677 2219 870 2301 Hluduicus,
903 2221 959 2305 qui
990 2221 1020 2284 ei
1048 2216 1158 2283 diuina

91 2311 230 2374 iussione
254 2311 416 2391 successit,
441 2312 583 2397 inspecto
607 2309 720 2374 eodem
744 2308 913 2391 breuiario,
939 2330 1035 2394 quam
1059 2307 1156 2372 celer·

89 2400 171 2464 rime
201 2408 343 2486 poterat,
375 2407 447 2485 post
475 2399 597 2464 obitum
622 2399 689 2462 eius
713 2419 838 2462 summa
861 2397 1032 2462 deuotione
1056 2394 1156 2461 adim·

94 2487 182 2575 plere
206 2489 338 2552 curauit.
