2596 4246
543 208 759 271 -10-

117 387 167 450 nis
191 383 312 448 diuidit.
360 383 458 448 Ouius
488 388 520 450 in
548 388 620 472 ripa
648 385 760 448 castris
784 385 973 469 conlocatis,
997 387 1188 472 priusquam

115 475 311 561 prouintiam
335 475 485 556 intraret,
509 476 651 539 animum
675 475 763 538 ducis
787 497 846 561 per
860 475 984 559 legatos
1001 477 1113 538 statuit
1130 497 1184 538 ex·

119 563 226 649 periri.
275 559 340 628 Sed
362 585 422 628 nec
444 564 499 628 1116
522 565 729 652 pertinaciter
752 584 850 647 agere
872 563 925 627 uel
940 564 1001 628 sibi
1026 563 1077 627 uel
1093 565 1186 646 genti

117 653 194 716 utile
217 661 315 735 ratus,
340 652 476 739 supplex
491 675 525 717 se
541 654 613 738 regi
628 654 789 741 permisit,
815 651 951 736 obsides,
977 654 1030 738 qui
1047 654 1185 738 impera-

118 742 250 822 bantur,
285 741 389 819 dedit,
422 743 506 806 inter
540 764 619 827 quos
653 751 684 805 61
714 739 813 805 filium
837 764 929 805 suum
955 738 1183 826 Tbeodonem3

114 828 191 895 data
214 831 343 916 insuper
367 828 429 895 fide
454 853 526 895 cum
549 832 738 912 iuramento,
763 829 848 915 quod
864 831 904 894 ab
921 829 1004 894 illius
1021 839 1185 917 potestate

113 918 156 982 ad
179 918 392 984 defectionem
416 921 536 983 nemini
560 919 706 984 suadenti
729 919 891 983 adsentire
922 918 1064 984 deberet.
1114 916 1183 984 Sic·

115 1030 178 1093 que
202 1008 300 1091 bello,
325 1007 410 1093 quod
433 1010 524 1093 quasi
547 1011 723 1072 maximum
747 1008 890 1072 futurum
914 1008 1097 1089 uidebatur,
1132 1031 1184 1072 ce-

115 1096 262 1161 lerrimus
295 1106 343 1162 est
374 1096 444 1160 finis
469 1099 645 1183 impositus.
695 1096 821 1161 Tassilo
844 1105 953 1160 tamen
976 1097 1184 1183 postmodum

115 1184 156 1250 ad
172 1207 284 1271 regem
301 1195 461 1269 euocatus,
484 1206 589 1272 neque
604 1184 711 1250 redire
727 1188 917 1271 permissus,
934 1207 1038 1272 neque
1054 1187 1183 1272 prouin-

31 1305 33 1309 ’
115 1277 170 1359 tia,
191 1297 287 1361 quam
304 1275 443 1357 tenebat,
469 1275 601 1340 ulterius
624 1273 706 1358 duci,
730 1275 787 1339 sed
810 1275 978 1340 comitibus
1003 1274 1044 1340 ad
1066 1296 1180 1360 regen·

117 1365 192 1428 dum
217 1365 386 1428 commissa
410 1373 467 1428 est.

207 1455 256 1517 12.
304 1452 365 1517 His
387 1454 526 1518 motibus
549 1454 594 1517 ita
617 1453 800 1539 conpositis,
834 1451 968 1536 Sclauis,
993 1453 1047 1538 qui
1070 1462 1183 1519 nostra

114 1541 345 1606 consuetudine
370 1540 486 1625 Vuilai,
521 1543 650 1629 Proprie
672 1564 767 1625 uero,
802 1540 835 1605 id
860 1552 908 1606 est
931 1564 988 1606 sua
1012 1541 1183 1627 locutione,

115 1628 288 1695 Vuelatabi
312 1630 473 1713 dicuntur,
505 1629 622 1695 bellum
652 1630 786 1695 inlatum
815 1641 872 1695 est.
920 1630 959 1694 In
983 1653 1045 1717 quo
1069 1640 1100 1694 61
1124 1629 1184 1696 Sa·

114 1740 215 1784 xones
239 1719 326 1783 uelut
350 1720 519 1782 auxiliares
543 1721 628 1784 inter
651 1730 773 1784 ceteras
798 1721 955 1802 nationes,
989 1741 1071 1805 quae
1095 1723 1184 1804 regis

115 1810 208 1893 signa
223 1810 328 1873 iussae
345 1809 570 1894 sequebantur,
595 1830 787 1895 quamquam
804 1806 880 1873 ficta
896 1817 928 1873 et
944 1809 1048 1872 minus
1065 1808 1186 1874 deuota

116 1894 329 1978 oboedientia,
348 1897 536 1965 militabant.
584 1895 689 1962 Causa
705 1896 780 1962 belli
796 1908 874 1979 erat,
896 1895 981 1983 quod
997 1896 1182 1983 Abodritos,

115 1988 170 2072 qui
194 2007 267 2050 cum
287 1987 420 2050 Francis
445 1987 521 2051 olim
544 1985 699 2052 foederati
723 1997 823 2068 erant,
848 1985 976 2051 assidua
998 1988 1184 2052 incursione

115 2075 314 2140 lacessebant
336 2097 396 2140 nec
420 2076 611 2140 iussionibus
635 2077 776 2140 coerceri
803 2084 961 2162 poterant.
995 2073 1090 2140 Sinus
1114 2078 1184 2161 qui-

115 2164 190 2229 dam
220 2164 261 2229 ab
293 2163 481 2229 occidentali
506 2162 636 2229 Oceano
665 2165 819 2229 orientem
852 2186 963 2229 uersus
993 2165 1183 2250 porrigitur,

95 2259 97 2262 ’
114 2253 321 2337 longitudinis
341 2253 469 2340 quidem
481 2255 697 2340 inconpertae,
714 2252 890 2318 latitudinis
906 2274 993 2335 uere,
1010 2275 1091 2339 quae
1106 2275 1182 2318 nus·

115 2364 211 2429 quam
235 2353 363 2408 centum
386 2343 474 2407 milia
495 2363 647 2430 passuum
671 2341 816 2426 excedat,
842 2363 913 2406 cum
929 2343 963 2406 in
978 2341 1087 2406 multis
1103 2343 1183 2408 locis

115 2434 309 2496 contractior
333 2433 523 2499 inueniatur.
570 2431 665 2496 Hunc
689 2430 809 2496 multae
831 2429 1064 2495 circumsedent
1080 2433 1184 2496 natic—

114 2543 185 2605 nes;
231 2521 318 2584 Dani
338 2519 496 2606 siquidem
512 2544 549 2584 ac
565 2519 719 2602 Sucones,
747 2542 825 2606 quos
847 2519 1072 2585 Nordmannos
1087 2543 1182 2585 noca-
1237 2575 1239 2584 ,

113 2629 195 2693 mus,
220 2620 252 2674 et
275 2610 536 2697 septemtrionale
552 2609 627 2674 litus
644 2620 675 2674 61
691 2631 801 2674 omnes
817 2612 848 2672 in
866 2631 903 2673 eo
919 2609 1038 2673 insulas
1058 2618 1180 2675 tenent.

114 2698 160 2762 At
183 2699 257 2763 litus
288 2699 428 2763 australe
452 2695 560 2764 Sclaui
584 2709 614 2762 61
637 2697 723 2763 Aisti
753 2708 785 2762 et
815 2698 896 2763 aliae
925 2696 1071 2763 diuersae
1094 2700 1182 2762 inco-

116 2788 186 2851 lunt
208 2788 370 2870 nationes3
395 2790 479 2852 inter
503 2809 580 2873 quos
605 2787 656 2851 uel
679 2788 843 2874 praecipui
866 2797 948 2868 sunt,
973 2787 1088 2872 quibus
1104 2797 1182 2850 tunc

114 2898 233 2961 aroge
257 2876 375 2941 bellum
399 2876 610 2958 inferebatur,
636 2876 812 2941 Vuelatebi.
860 2873 948 2953 Quos
964 2874 1016 2939 ille
1032 2896 1095 2939 una
1111 2884 1180 2939 tan-

115 2976 184 3030 tum
217 2974 265 3049 et,
291 2987 386 3052 quam
409 2988 468 3051 per
491 2988 524 3031 66
548 2975 705 3050 gesserat,
739 2962 943 3050 expeditione
966 2966 1010 3028 ita
1034 2963 1180 3029 contudit

113 3076 152 3117 ac
175 3053 311 3138 domuit,
336 3065 370 3119 ut
393 3053 525 3119 ulterius
553 3057 711 3140 imperata
741 3054 848 3118 facere
880 3055 1010 3117 minime
1041 3073 1179 3122 renuen-

114 3141 190 3207 dum
213 3142 399 3212 iudicarent.

204 3233 254 3298 13.
287 3232 466 3298 Maximum
499 3234 655 3312 omnium,
689 3252 772 3316 quae
804 3231 844 3294 ab
879 3229 933 3294 illo
968 3239 1062 3315 gesta
1093 3238 1177 3315 sunt,

113 3321 270 3387 bellorum
302 3331 431 3408 praeter
460 3319 656 3388 Saxonicum
685 3319 759 3384 buic
790 3319 874 3384 bello
902 3320 1068 3401 successit,
1100 3318 1179 3384 illud

113 3410 273 3492 uidelicet,
299 3409 383 3496 quod
407 3421 519 3475 contra
535 3408 658 3475 Anares
683 3410 751 3474 siue
775 3407 888 3473 Hunos
912 3419 1096 3494 susceptum
1117 3415 1175 3475 661.

112 3498 208 3578 Quod
243 3500 295 3564 ille
330 3508 362 3565 et
396 3501 570 3564 animosius
603 3521 699 3586 quam
735 3507 842 3562 cetera
875 3507 906 3561 et
938 3497 1033 3582 longe
1064 3497 1178 3561 maiori

67 3588 71 3595 ’
112 3597 270 3675 apparatu
300 3589 545 3654 administrauit.
591 3586 697 3651 Vnam
724 3595 834 3651 tamen
855 3607 916 3673 per
937 3609 972 3651 66
994 3587 1027 3649 16
1050 3586 1176 3650 Panno-

112 3679 199 3742 niam
227 3675 316 3764 (nam
343 3677 425 3742 banc
453 3677 647 3764 prouintiam
670 3698 709 3741 ea
730 3696 809 3760 gens
832 3684 900 3741 tum
924 3673 1097 3760 incolebat)
1121 3696 1177 3738 ex-

113 3764 309 3851 peditionem
340 3767 432 3850 fecit,
467 3775 574 3832 cetera
604 3764 668 3830 filio
698 3787 754 3830 suo
782 3763 920 3851 Pippino
943 3785 980 3828 ac
1004 3763 1177 3850 praefectis

112 3857 359 3942 prouintiarum,
393 3856 561 3921 comitibus
591 3855 688 3919 etiam
721 3864 817 3938 atque
844 3854 959 3937 legatis
982 3850 1177 3938 perficienda
