2596 4246
577 192 791 256 ,22-

240 368 404 433 Mcnsibus
437 370 533 433 etiam
565 371 655 432 iuxta
687 372 851 455 propriam
886 370 1027 452 linguam
1058 371 1217 437 uocabula

152 461 317 547 imposuit,
352 480 424 522 cum
456 466 531 522 ante
565 457 596 521 id
630 461 783 544 temporis
816 458 900 545 apud
924 459 1066 524 Francos
1097 462 1217 546 partim

152 549 276 614 Latinis
299 548 416 634 partim
440 547 584 611 barbaris
600 547 782 612 nominibus
798 550 1090 634 pronuntiarentur.
1130 549 1216 614 Item

151 648 263 705 uentos
287 635 455 702 duodecim
478 637 616 723 propriis
639 636 907 723 appellationibus
931 639 1117 722 insigniuit,
1141 661 1217 703 cum

152 729 239 815 prius
262 749 326 790 nou
348 725 484 811 amplius
509 746 605 810 quam
628 728 683 788 uix
707 735 843 811 quatuor
865 735 1035 791 uentorum
1060 727 1217 793 uocabula

152 827 281 968 nossent
315 817 460 879 inueniri.
508 815 551 878 Et
583 813 624 878 de
663 816 823 879 mensibus
862 815 992 901 quidem
1030 815 1217 882 Ianuarium

184 903 433 987 uintarmanoth,
459 903 671 969 Februarium
695 901 863 988 Hornuug,
888 903 1040 969 Martium
1066 904 1217 970 Lentzin·

151 994 300 1076 manoth,
334 990 480 1080 Aprilem
511 988 756 1075 Ostarmauoth,
790 991 913 1058 Maium
945 993 1217 1079 Vuinnemanotb,

152 1084 281 1148 Iunium
304 1080 559 1162 Brachmanoth,
596 1083 713 1146 Iulium
744 1081 997 1165 Heuuimanoth,
1031 1081 1218 1168 Augustum

146 1170 384 1252 Aranmrmoth,
398 1170 623 1258 Septembrem
635 1169 875 1253 Vuitumanoth,
890 1169 1065 1237 Octobrem
1074 1170 1218 1237 Vuindu-

152 1261 346 1345 memanoth,
371 1258 587 1326 Nouembrem
605 1260 880 1340 Herbistmanoth,
904 1261 1121 1326 Decembrem
1141 1260 1219 1326 Hei·

151 1349 338 1436 lagmanoth
372 1349 554 1437 appellauit.
613 1349 726 1413 Ventis
758 1372 835 1414 uero
865 1349 926 1413 hoc
960 1350 1054 1414 modo
1086 1352 1218 1415 nomina

152 1441 319 1527 imposuit,
352 1449 388 1502 ut
412 1436 626 1504 Subsolanum
657 1448 789 1503 uocaret
820 1437 1058 1523 Ostroniuuint,
1093 1439 1218 1504 Eurum

154 1527 378 1611 Ostsuudroni,
395 1528 629 1592 Euroaustrum
642 1525 865 1610 Sundostroni,
877 1527 1032 1593 Austrum
1045 1525 1218 1613 Sundroni,

153 1617 410 1683 Austroal'ricum
424 1614 687 1699 Sunduuestroni,
706 1615 853 1680 Africum
871 1614 1134 1701 Vuestsundroni,
1159 1616 1218 1681 Ze·

152 1706 291 1795 phyrum
307 1705 489 1788 Vuestroni,
514 1703 656 1770 Ohorum
672 1704 936 1788 Vuestnordroni,
953 1705 1093 1771 Circium
1110 1703 1142 1769 N
1144 1710 1219 1771 ord-

152 1797 326 1879 uuestroni,
351 1793 621 1882 Septemtrionem
646 1795 816 1879 Nordroni,
842 1792 1034 1885 Aquilonem
1059 1793 1217 1860 Nordost-

152 1887 232 1968 roni,
258 1882 454 1948 Vulturnum
477 1881 698 1950 Ostnordroni.

242 1976 295 2040 30.
343 1972 498 2037 Extremo
521 1975 607 2038 uitae
631 1982 786 2059 tempore,
811 1995 882 2036 cum
906 1974 971 2036 iam
995 1982 1028 2036 et
1051 1973 1162 2036 morbo
1186 1982 1220 2038 et

153 2071 317 2128 senectute
340 2071 553 2149 premeretur,
585 2072 754 2128 euocatum
777 2061 818 2126 ad
841 2084 875 2127 se
899 2058 1092 2126 Hludoicum
1116 2059 1219 2126 filium

152 2150 347 2238 Aquitaniae
369 2174 497 2237 regem,
527 2154 581 2237 qui
605 2151 688 2216 solus
711 2149 848 2216 filiorum
873 2148 1085 2235 Hildigardae
1109 2171 1219 2236 super·

153 2250 239 2326 erat,
270 2242 475 2326 congregatis
499 2241 718 2328 sollempniter
740 2239 779 2305 dc
802 2250 869 2305 toto
893 2261 993 2325 regno
1019 2239 1220 2303 Francorum

152 2331 356 2417 primoribus,
381 2341 568 2395 cunctorum
585 2329 715 2394 consilio
731 2338 912 2394 consortem
929 2329 989 2393 sibi
1010 2331 1107 2393 totius
1122 2329 1220 2412 regni

152 2429 185 2484 et
219 2419 396 2506 imperialis
431 2420 567 2484 nominis
598 2418 750 2484 heredem
789 2419 966 2500 constituit,
1003 2418 1219 2504 impositoque

152 2509 250 2594 capiti
284 2510 351 2573 eius
386 2505 582 2590 diademate,
616 2510 843 2594 imperatorem
867 2515 899 2571 et
922 2517 1095 2591 augustum
1126 2507 1220 2571 iussit

152 2595 317 2684 appellari.
364 2594 558 2683 Susceptum
582 2606 631 2660 est
654 2596 715 2660 hoo
731 2598 798 2661 eius
820 2595 985 2660 consilium
1001 2595 1042 2660 ab
1058 2594 1219 2679 omnibus,

153 2687 208 2772 qui
230 2683 375 2768 aderant,
399 2708 517 2771 magno
541 2709 614 2750 cum
630 2685 757 2769 fauore3
782 2708 856 2749 nam
873 2685 1025 2750 diuinitus
1042 2686 1072 2749 ei
1087 2692 1221 2771 propter

152 2776 245 2860 regni
268 2774 440 2840 utilitatem
474 2775 644 2839 uidebatur
677 2775 878 2861 inspiratum.
925 2771 1090 2860 Auxitque
1119 2774 1219 2838 maie-

153 2871 270 2929 statem
294 2864 360 2929 eius
383 2862 444 2928 hoc
468 2864 589 2928 factum
612 2873 644 2929 et
674 2865 793 2930 exteris
828 2864 1009 2929 nationibus
1038 2884 1102 2926 non
1125 2862 1218 2927 mini-

154 2976 242 3018 mum
265 2954 398 3018 terroris
422 2954 563 3021 incussit.

242 3041 384 3108 Dimisso
407 3040 523 3108 deinde
545 3043 577 3105 in
593 3040 801 3128 Aquitaniam
824 3037 899 3122 filio,
922 3040 991 3127 ipse
1008 3061 1098 3104 more
1114 3038 1219 3124 solito,

154 3133 300 3217 quamuis
325 3140 489 3197 senectute
513 3129 686 3214 confectus,
711 3150 774 3195 non
796 3129 893 3215 longe
917 3151 936 3192 a
959 3131 1050 3214 regia
1074 3127 1220 3215 Aquensi

153 3230 305 3286 uenatum
328 3220 557 3308 proficiscitur,
586 3228 763 3306 exactoque
793 3221 824 3283 in
848 3214 1066 3283 huiuscemodi
1089 3217 1221 3303 nogotio

153 3308 238 3398 quod
261 3310 420 3396 reliquum
443 3319 512 3375 erat
536 3311 694 3392 autumni,
725 3308 810 3373 circa
837 3307 1000 3372 Kalendas
1023 3306 1220 3372 Nouembris

153 3399 351 3487 Aquisgrani
374 3401 558 3466 reuertitur.

243 3486 389 3576 Cumque
412 3490 457 3553 ibi
480 3488 647 3571 hiemaret,
683 3508 791 3551 mense
815 3484 964 3550 Ianuario
997 3484 1089 3549 febre
1112 3481 1220 3549 ualida

32 3623 36 3626 -
154 3588 321 3665 correptus
345 3578 505 3644 decubuit.
552 3575 614 3655 Qui
639 3576 762 3659 statim,
798 3583 833 3638 ut
863 3576 895 3637 in
919 3573 1062 3639 febribus
1085 3572 1220 3657 solebat,

154 3667 218 3731 cibi
241 3668 302 3733 sibi
325 3668 550 3733 abstinentiam
577 3663 706 3748 indixit,
738 3662 911 3729 arbitratus
940 3662 1000 3727 hac
1024 3663 1222 3727 continentie

153 3756 301 3822 morbum
324 3778 417 3844 posse
441 3755 559 3844 depelli
582 3755 632 3819 uel
656 3753 919 3842 certemitigari.
966 3749 1032 3830 Sed
1047 3748 1223 3828 accedente

154 3843 195 3908 ed
218 3844 341 3912 febrem
365 3846 475 3911 lateris
510 3843 635 3926 dolore,
669 3864 766 3930 quem
789 3838 888 3906 Greci
916 3841 1078 3928 pleuresin
1101 3838 1221 3926 dicunt,
