2596 4246
571 181 791 244 ..20-

151 367 261 421 tamen
284 357 497 420 astronomiae
530 355 719 420 ediscendae
748 357 920 443 plurimum
952 364 984 419 et
1006 356 1161 443 temporis
1184 363 1220 418 et

150 445 270 510 laboris
293 448 479 532 impertiuit.
525 444 682 509 Discebat
704 456 805 509 artem
829 442 1033 532 conputandi,
1058 455 1090 508 et
1113 445 1218 508 inten-

152 537 239 605 tione
281 535 391 620 sagaci
433 532 574 598 siderum
614 556 741 598 cursum
780 535 994 599 curiosissime
1028 533 1217 605 rimabatur.

151 618 350 710 Temptabat
377 633 409 688 et
436 624 591 705 scribere,
621 623 811 710 tabulasque
839 633 871 688 et
894 621 1063 687 codicellos
1086 619 1128 686 ad
1157 622 1220 688 hoc

151 714 185 777 in
214 715 298 777 lecto
329 713 388 776 sub
416 711 626 777 ceruicalibus
653 712 859 777 circumferre
886 712 1025 795 solebat,
1058 721 1107 794 ut,
1145 731 1221 775 eum

152 823 290 867 uacuum
312 811 437 888 tempus
461 811 558 884 esset,
587 823 719 866 manum
748 802 864 866 litteris
895 799 1076 886 effigiendis
1106 799 1221 865 adsue·

152 901 266 957 sceret.
313 888 379 957 Sed
407 912 524 976 parum
550 892 703 954 successit
724 890 816 955 labor
837 899 1062 977 praeposterus
1085 911 1123 953 ac
1147 910 1220 953 sero

153 979 333 1045 inchoatus.

243 1071 296 1134 26.
334 1067 534 1152 Religionem
555 1065 782 1151 Christianam,
807 1090 870 1153 qua
893 1067 933 1132 ab
956 1067 1092 1132 infantia
1113 1067 1223 1131 fuerat

153 1157 313 1240 imbutus,
341 1157 539 1221 sanctissime
568 1164 601 1221 et
630 1179 702 1220 cum
727 1179 851 1221 summa
873 1158 991 1244 pietate
1015 1155 1123 1220 coluit.
1170 1153 1223 1219 Ac

154 1256 288 1333 propter
311 1244 371 1310 hoc
393 1246 551 1332 plurimae
573 1245 817 1333 pulchritudinis
840 1245 1006 1311 basilicam
1022 1243 1223 1330 Aquisgrani

156 1337 299 1399 extruxit
334 1356 476 1420 auroque
511 1343 544 1399 ct
575 1344 710 1419 argento
742 1344 774 1399 et
805 1335 1014 1400 luminaribus
1049 1343 1145 1419 atque
1180 1355 1223 1398 ex

153 1446 229 1488 aere
253 1422 353 1489 solido
377 1423 526 1487 cancellis
550 1436 581 1488 et
596 1426 698 1489 ianuis
715 1423 893 1489 adornauit.
940 1422 993 1487 Ad
1014 1423 1102 1487 cuius
1118 1431 1221 1488 struc-

153 1522 260 1577 turam
290 1535 363 1578 cum
398 1513 561 1577 columnas
598 1523 631 1578 et
660 1535 822 1577 marmora
851 1510 979 1578 aliunde
1006 1511 1125 1576 habere
1157 1533 1224 1576 non

153 1612 271 1688 posset,
296 1603 400 1666 Roma
423 1611 519 1688 atque
542 1601 696 1666 Rauenna
720 1600 907 1666 deuehenda
929 1603 1063 1666 curauit.
1109 1600 1224 1664 Eccle-

154 1693 234 1755 siam
258 1702 289 1755 et
314 1714 407 1755 mane
430 1700 462 1756 et
492 1713 643 1777 uespere,
675 1693 753 1755 item
776 1693 937 1756 nocturnis
961 1690 1048 1755 horis
1072 1698 1103 1753 ct
1127 1689 1224 1754 sacri-

154 1779 219 1844 ficii
242 1789 400 1866 ternpore,
434 1779 540 1865 quoad
573 1802 646 1845 eum
678 1779 819 1845 uahtudo
843 1781 1046 1868 permiserat,
1084 1779 1224 1864 impigre

154 1869 391 1954 frequentabat.
440 1867 646 1954 Curabatque
679 1891 892 1955 magnopere,
928 1877 963 1933 ut
986 1870 1111 1948 omnia,
1140 1889 1224 1952 quac

153 1961 186 2022 in
210 1981 249 2024 ca
272 1959 486 2042 gerebantur,
522 1981 595 2022 cum
619 1981 716 2044 quam
741 1961 882 2022 maxima
903 1955 1018 2022 fierent
1040 1955 1222 2039 honestate3

153 2047 299 2111 aedituos
322 2047 516 2112 creberrime
540 2069 759 2130 commonens,
784 2045 901 2133 nequid
917 2045 1066 2112 indecens
1083 2053 1139 2108 aut
1155 2066 1221 2109 sor-

154 2134 264 2201 didum
288 2146 344 2200 aut
366 2137 480 2200 inferri
503 2144 558 2199 aut
581 2137 614 2201 in
638 2159 676 2200 ea
699 2158 866 2202 remanere
890 2138 1122 2223 permitterent.
1163 2130 1222 2199 Sa·

153 2248 281 2290 crorum
315 2247 465 2290 uasorum
500 2248 541 2289 ex
568 2248 646 2289 auro
678 2235 709 2289 et
733 2234 868 2310 argento
892 2227 1222 2308 uestimentorumque

152 2315 398 2379 sacerdotalium
421 2324 544 2378 tantam
568 2316 600 2376 in
623 2337 662 2379 ea
685 2316 811 2401 copiam
834 2316 1035 2402 procurauit,
1058 2323 1093 2376 ut
1116 2312 1149 2376 in
1172 2334 1222 2376 sa·

153 2401 280 2468 orificiis
313 2402 514 2468 celebrandis
548 2426 589 2467 ne
623 2404 810 2469 ianitoribus
846 2404 992 2491 quidem,
1029 2404 1084 2488 qui
1114 2400 1222 2465 ultimi

153 2493 361 2559 ecclesiastici
378 2491 497 2557 ordinis
513 2503 597 2577 sunt,
621 2495 748 2578 priuato
764 2491 876 2557 habitu
892 2493 1073 2557 ministrare
1088 2512 1222 2555 necesse

152 2581 274 2649 fuisset.
320 2580 466 2665 Legendi
497 2591 594 2665 atque
624 2580 781 2667 psallendi
810 2582 1011 2668 disciplinam
1041 2578 1220 2666 diligentis·

152 2673 232 2735 sime
256 2670 449 2737 emendauit.
496 2670 577 2734 Erat
593 2672 678 2734 enim
694 2673 860 2757 utriusque
876 2669 1048 2736 admodum
1064 2666 1220 2751 eruditus,

153 2781 349 2846 quamquam
373 2761 442 2845 ipse
473 2780 534 2822 nec
561 2759 689 2844 publice
721 2759 846 2845 legeret
868 2783 927 2824 nec
951 2762 1013 2824 nisi
1036 2757 1221 2822 submissim

153 2860 185 2914 ct
208 2852 242 2914 in
265 2869 433 2914 commune
457 2856 611 2912 cantaret.

243 2939 295 3003 27.
342 2937 438 3003 Circa
460 2959 618 3024 pauperes
642 2934 863 3002 sustentandos
888 2946 921 3002 et
944 2937 1121 3020 gratuitam
1142 2935 1222 2999 libe-

152 3028 324 3109 ralitatem,
350 3049 447 3114 quam
464 3025 563 3093 Greci
580 3026 811 3113 eleimcsynam
834 3035 960 3107 uocant,
984 3022 1220 3108 deuotissimus,

103 3184 106 3190 ,
152 3127 189 3180 ut
212 3118 267 3203 qui
290 3139 353 3181 non
377 3120 409 3180 in
432 3116 537 3203 patria
572 3115 673 3180 solum
709 3125 741 3181 et
772 3118 805 3180 in
837 3137 894 3180 suo
923 3137 1025 3199 regno
1057 3113 1090 3178 id
1113 3114 1222 3178 facere

153 3206 332 3290 curauerit,
368 3228 482 3270 uerum
514 3215 602 3269 trans
637 3207 739 3269 maria
768 3207 801 3268 in
825 3202 954 3290 Syriam
977 3213 1009 3268 et
1032 3201 1222 3289 Aegyptum

154 3304 251 3380 atque
274 3293 431 3378 Africam,
463 3293 696 3378 Hierosolimis,
725 3292 942 3359 Alexandriae
965 3302 1063 3380 atque
1087 3290 1222 3357 Charta-

155 3386 240 3471 gini,
265 3384 320 3448 ubi
344 3382 542 3449 Christianos
574 3385 606 3447 in
639 3391 830 3469 paupertate
862 3384 974 3447 uiuere
1006 3389 1222 3468 compererat,

154 3474 308 3560 penuriae
331 3473 457 3537 illorum
482 3474 695 3558 compatiens,
728 3474 898 3560 pecuniam
922 3472 1051 3537 mittere
1080 3469 1222 3554 solebat3

156 3564 196 3627 ob
212 3563 273 3627 hcc
288 3564 429 3628 maxime
444 3561 731 3626 transmarinorum
746 3584 859 3647 regum
876 3561 1034 3626 amicitias
1055 3569 1222 3646 expetens,

156 3661 191 3715 ut
209 3651 399 3717 Christianis
423 3652 481 3716 sub
498 3672 608 3714 eorum
625 3651 791 3716 dominatu
807 3649 997 3735 degentibus
1013 3648 1223 3734 refrigerium

155 3740 284 3828 aliquod
307 3764 345 3806 ac
367 3741 519 3806 releuatio
542 3742 736 3827 proueniret.

245 3828 380 3896 Celabat
412 3852 489 3916 prae
522 3831 636 3894 ceteris
674 3830 773 3894 saeris
808 3836 840 3892 et
873 3828 1111 3893 uenerabilibus
1143 3826 1224 3893 locis
