2596 4246
412 138 720 206 ‘---4-

88 320 174 406 apud
198 322 367 386 ecclesiam
386 321 473 386 beati
490 319 637 386 Siluestri
654 329 832 385 constructo
850 322 1055 404 monasterio,
1080 343 1158 385 cum

88 410 242 474 fratribus
273 432 381 474 secum
414 407 455 474 ad
487 409 547 474 hoo
579 410 782 475 uenientibus
816 433 874 496 per
904 410 1025 496 aliquot
1052 431 1157 474 annos

89 509 200 586 optata
224 502 332 585 quiete
356 499 541 584 perfruitur.
588 498 653 565 Sed
676 521 747 562 oum
772 522 812 562 ex
835 499 974 563 Francia
990 498 1082 563 multi
1097 521 1156 563 no·

88 588 201 654 bilium
225 589 265 653 ob
282 599 357 652 uota
379 587 533 653 soluenda
553 588 689 654 Romam
705 587 921 674 sollempniter
938 599 1159 654 commearent

89 686 121 742 et
145 699 218 742 eum
242 678 329 743 uelut
346 675 509 742 dominum
526 676 685 763 quondam
709 698 800 741 suum
824 679 1000 763 praeterire
1023 676 1157 762 nollent,

90 768 201 849 otium,
219 789 282 852 quo
298 767 438 831 maxime
454 765 685 850 delectabatur,
707 766 822 831 crebra
844 765 1035 831 salutatione
1058 768 1159 831 inter-

38 925 53 934 „
88 864 284 942 rumpentes,
308 855 414 920 locum
437 864 563 942 mutare
584 854 777 942 conpellunt.
824 854 911 920 Nam
933 855 1159 920 huiuscemodi

89 946 303 1029 frequentiam
336 967 408 1009 cum
442 967 498 1009 suo
527 947 692 1032 proposito
720 943 849 1009 officere
872 943 1017 1028 uidisset,
1042 944 1158 1009 relicto

89 1044 219 1116 monte,
246 1035 280 1097 in
309 1031 477 1099 Samnium
510 1035 706 1120 prouintiam
736 1032 778 1099 ad
801 1036 1030 1119 monasterinm
1053 1035 1159 1098 sancti

88 1122 258 1188 Benedicti
291 1124 387 1203 situm
417 1125 449 1186 in
482 1132 588 1189 castro
612 1120 729 1187 Casino
759 1125 890 1187 secessit
919 1132 951 1188 et
985 1123 1045 1205 ibi,
1070 1121 1159 1208 quod

88 1213 248 1298 reliquum
282 1222 351 1276 erat
385 1212 571 1297 temporalis
609 1215 708 1295 uitae,
747 1212 896 1296 religiose
934 1210 1158 1276 conuersando

89 1302 271 1387 compleuit.

178 1392 209 1457 3.
235 1389 390 1476 Pippinus
414 1399 537 1472 autem,
562 1411 621 1474 per
644 1392 868 1453 auctoritatem
892 1389 1027 1454 Romani
1050 1390 1157 1476 ponti-

89 1479 157 1543 ficis
181 1479 409 1564 expraefecto
433 1478 543 1565 palatii
567 1501 625 1541 rex
649 1480 854 1562 constitutus,
880 1501 951 1542 cum
976 1502 1033 1566 per
1056 1500 1158 1542 annos

90 1567 154 1632 XV
178 1577 233 1632 aut
256 1590 294 1632 eo
318 1568 455 1654 amplius
479 1566 613 1632 Francis
637 1567 721 1631 solus
744 1568 929 1653 imperaret,
951 1566 1040 1632 finito
1057 1567 1159 1652 Aqui-

90 1659 196 1722 tanico
229 1657 330 1740 bello,
355 1656 440 1742 quod
464 1666 576 1720 contra
599 1655 799 1720 Vuaifarium
825 1655 939 1721 ducem
962 1655 1158 1742 Aquitaniae

90 1746 131 1811 ab
165 1769 202 1810 eo
233 1756 415 1833 susceptum
440 1767 498 1831 per
523 1747 688 1809 continuos
711 1767 827 1809 nouem
849 1768 948 1810 annos
973 1746 1157 1830 gerebatur,

90 1835 175 1923 apud
198 1835 338 1900 Parisios
362 1836 474 1899 morbo
498 1856 601 1920 aquae
623 1836 791 1900 intercutis
814 1834 898 1899 diem
923 1835 1016 1918 obiit,
1049 1857 1158 1920 super·

91 1926 220 1990 stitibus
243 1924 352 1989 liberis
375 1923 477 1988 Karlo
502 1933 535 1988 et
558 1922 788 1992 Karlomanno.

180 2011 232 2076 Ad
267 2036 344 2099 quos
377 2015 535 2077 successio
567 2015 661 2097 regni
696 2011 804 2077 diuino
840 2022 919 2076 nutu
954 2022 1156 2098 peruenerat.

91 2103 208 2167 Franci
244 2100 416 2189 siquidem,
452 2101 537 2166 facto
572 2101 790 2188 sollempniter
817 2103 961 2185 generali
986 2111 1155 2186 conuentu,

90 2192 202 2256 ambos
225 2192 286 2255 sibi
310 2213 405 2275 reges
429 2192 635 2272 constituunt,
660 2214 697 2255 ea
719 2189 901 2255 conditione
918 2193 1104 2276 praemissa,
1121 2200 1157 2255 ut

90 2291 194 2345 totum
228 2284 319 2366 regni
352 2302 468 2366 corpus
503 2303 544 2344 ex
577 2302 679 2366 aequo
711 2283 924 2366 partirentur,
959 2290 991 2344 ot
1014 2280 1155 2344 Karolus

91 2393 163 2434 eam
187 2379 322 2457 partem,
348 2391 444 2456 quam
468 2379 561 2454 pater
585 2392 695 2436 eorum
712 2369 866 2456 Pippinus
889 2378 1045 2452 tenuerat,
1071 2368 1155 2433 Kar·

91 2459 257 2523 lemannus
290 2481 366 2522 uero
399 2475 486 2540 eam,
523 2459 573 2521 eui
607 2468 740 2544 patruus
773 2480 883 2522 eorum
918 2457 1156 2523 Karlomannus

91 2559 248 2634 praeerat,
265 2547 398 2633 regendi
415 2548 522 2631 gratia
537 2550 724 2633 susciperet.
760 2545 936 2631 susceptae
953 2557 1026 2610 sunt
1042 2549 1155 2611 utrim-

92 2659 154 2723 que
187 2634 396 2720 conditiones,
429 2645 461 2702 et
490 2658 564 2723 pars
593 2638 686 2721 regni
710 2636 803 2701 diuisi
827 2638 918 2699 iuxta
941 2635 1072 2700 modum
1095 2637 1157 2701 sibi

92 2728 291 2813 propositum
331 2726 371 2789 ab
409 2736 546 2810 utroque
580 2735 710 2813 recepta
744 2719 826 2789 estss
860 2723 1044 2809 Mansitque
1082 2727 1155 2807 ista,

93 2817 240 2901 quamuis
275 2838 347 2879 cum
382 2837 507 2879 summa
538 2812 741 2898 difficultate,
767 2812 949 2895 concordia3
984 2814 1092 2878 multis
1117 2836 1158 2878 ex

93 2914 185 2991 parte
210 2904 420 2968 Karlomanni
443 2905 629 2968 societatem
653 2925 802 2989 separare
825 2902 1048 2980 molientibus,
1077 2903 1158 2968 adeo

93 3003 128 3058 ut
144 2992 273 3080 quidam
291 3016 344 3058 eos
360 2993 458 3058 etiam
473 2992 556 3057 bello
579 2995 781 3057 committere
805 2993 867 3055 sint
890 2991 1046 3060 meditati.
1093 2989 1159 3058 Sed

93 3085 126 3146 in
160 3083 221 3147 boc
277 3084 325 3147 lus
356 3082 497 3167 suspecti
529 3104 626 3168 quam
658 3080 792 3168 periculi
821 3081 933 3162 fuisse,
958 3082 1026 3167 ipse
1050 3104 1159 3145 rerum

94 3172 199 3236 exitus
222 3106 426 3258 adprobauit3
452 3192 534 3254 cum,
559 3169 708 3234 defuncto
732 3169 961 3253 Karlomanno,
987 3193 1068 3234 uxor
1092 3172 1159 3234 eius

95 3271 126 3326 et
158 3260 217 3325 filii
248 3282 322 3326 cum
346 3257 551 3346 quibusdam,
576 3261 629 3346 qui
653 3283 695 3324 ex
718 3261 909 3346 optimatum
933 3260 1001 3324 eius
1025 3282 1159 3324 numero

94 3352 250 3436 primores
267 3360 374 3432 erant,
398 3348 526 3413 Italiam
550 3349 629 3434 fuga
652 3351 743 3435 petiit
768 3357 815 3431 et,
840 3348 932 3412 nullis
949 3350 1160 3413 existentibus

95 3441 199 3503 causis
221 3448 339 3524 xspreto
370 3440 479 3502 mariti
509 3439 623 3519 fratre,
655 3439 712 3502 sub
737 3437 898 3502 Desiderii
922 3440 1008 3522 regis
1033 3435 1161 3522 Lango-

95 3528 269 3593 bardorum
301 3528 515 3615 patrocinium
547 3550 580 3592 se
609 3549 682 3592 oum
705 3528 815 3592 liberis
839 3528 903 3590 suis
928 3527 1070 3592 contulit.
1116 3525 1160 3590 Et

95 3616 334 3681 Karlomannus
376 3616 504 3703 quidem
543 3626 614 3702 post
652 3614 910 3680 administratum
949 3616 1161 3679 communiter

95 3705 223 3771 biennio
252 3727 387 3790 regnum
411 3704 522 3770 morbo
546 3703 701 3788 decessit,
735 3705 875 3769 Karolus
907 3716 1028 3788 autem,
1059 3703 1161 3769 fratre

96 3793 260 3879 defuneto,
294 3817 451 3861 consensu
479 3796 619 3858 omnium
642 3795 838 3859 Francorum
867 3817 926 3859 rex
949 3794 1161 3860 constituitur.
