2596 4246
539 194 756 272 ,ῃ-

114 388 282 454 commisit.
329 384 423 464 Quod
448 408 520 451 cum
544 386 585 450 ab
607 387 657 450 his
681 388 903 451 strenuissime
919 386 1031 450 fuisset
1047 385 1181 448 admini-

111 484 265 556 stratum,
306 489 420 539 octauo
458 473 588 540 taudem
627 498 709 540 anno
749 475 933 561 conpletum
971 484 1028 539 est.
1088 473 1183 552 Quod

113 564 236 651 proelia
252 565 285 629 in
301 586 339 629 eo
356 576 458 648 gesta,
482 574 636 651 quantum
660 566 824 649 sanguinis
849 565 984 629 effusum
1008 565 1059 647 sit,
1084 572 1183 627 testa·

112 665 165 718 tur
196 675 299 717 uacua
332 655 419 717 omni
453 651 634 717 habitatore
665 653 829 718 Pannonia
860 663 892 716 et
924 653 1027 736 locus,
1059 653 1092 716 in
1118 673 1182 738 quo

113 744 205 827 regia
229 741 361 828 Kagani
385 750 463 822 erat,
487 744 533 806 ita
556 741 711 825 desertus,
735 751 835 807 utne
859 744 1032 826 uestigium
1053 738 1183 826 quidem

113 833 146 895 in
170 853 207 896 eo
231 830 390 895 humanae
413 830 617 895 habitationis
641 841 804 918 appareat.
853 830 938 895 Tota
960 834 995 894 in
1018 828 1078 895 hoc
1097 829 1182 894 bello

113 918 284 984 Hunorum
307 920 457 984 nobilitas
481 921 591 1006 periit,
616 930 686 984 tota
708 920 811 1004 gloria
834 919 966 1004 decidit3
998 920 1100 984 omnis
1128 941 1182 1006 pe·

112 1011 207 1073 cunia
230 1018 262 1074 et
286 1011 431 1092 congesti
454 1029 494 1072 ex
517 1009 614 1093 longo
639 1019 785 1094 tempore
805 1009 947 1074 thesauri
964 1008 1081 1095 direpti
1097 1018 1180 1072 sunt.

113 1095 229 1184 Neque
261 1097 359 1162 ullum
390 1097 510 1162 bellum
543 1108 653 1162 contre
686 1099 829 1162 Francos
863 1108 1008 1163 exortum
1041 1097 1182 1161 humana

111 1197 220 1274 potest
244 1189 398 1251 memoria
421 1185 592 1272 recordari,
618 1209 680 1273 quo
704 1188 749 1251 illi
772 1188 877 1270 magis
901 1189 993 1253 ditati
1018 1196 1050 1252 et
1066 1188 1181 1273 opibus

112 1277 199 1340 aucti
222 1278 295 1341 sint.
342 1275 472 1363 Quippe
495 1296 569 1340 cum
592 1298 692 1362 usque
715 1277 796 1341 inid
819 1279 974 1363 temporis
997 1296 1078 1362 pene
1103 1298 1179 1362 pau·

112 1387 205 1452 peres
229 1365 427 1449 uiderentur,
455 1375 579 1428 tantum
603 1367 674 1429 auri
698 1376 729 1430 et
753 1367 880 1450 argenti
904 1368 937 1429 in
959 1367 1050 1449 regia
1074 1387 1181 1450 reper-

111 1463 196 1535 tum,
226 1463 274 1518 tot
306 1453 408 1541 spolia
439 1456 581 1541 pretiosa
613 1457 645 1518 in
675 1455 805 1540 proeliis
836 1455 977 1537 sublata,
1008 1465 1043 1518 ut
1066 1457 1181 1519 merito

111 1541 200 1607 credi
231 1544 347 1629 possit,
381 1542 440 1607 hoc
471 1544 612 1608 Francos
645 1542 750 1608 Hunis
781 1545 862 1607 iuste
889 1545 1061 1631 eripuisse,
1096 1543 1181 1628 quod

111 1630 202 1696 Huni
224 1633 312 1718 prius
329 1631 399 1696 aliis
416 1633 566 1717 gentibus
582 1634 699 1697 iniuste
724 1635 918 1719 eripuerunt.
966 1631 1040 1696 Duo
1056 1642 1180 1697 tantum

111 1742 155 1786 ex
178 1721 364 1807 proceribus
388 1721 587 1786 Francorum
610 1744 647 1786 eo
663 1722 747 1786 bello
771 1723 951 1808 perierunt:
977 1721 1091 1786 Ericus
1115 1722 1181 1786 dux

112 1810 336 1874 Foroiulianus
368 1812 401 1874 in
424 1809 581 1875 Liburnia
610 1813 702 1874 iuxta
731 1808 955 1876 Tharsatioam
985 1813 1181 1874 maritimam

111 1901 291 1984 ciuitatem,
323 1896 445 1963 insidiis
469 1897 701 1986 oppidanorum
724 1901 935 1986 interceptus,
965 1909 996 1963 et
1019 1897 1180 1964 Geroldus

110 1986 281 2052 Baioariae
314 1987 509 2074 praefectus,
546 1990 579 2052 in
611 1988 777 2052 Pannonia
813 2010 886 2052 cum
922 1998 1033 2052 contra
1065 1987 1180 2053 Hunos

110 2077 324 2162 proeliaturus
356 2079 458 2141 aciem
488 2087 640 2158 strueret,
674 2079 832 2142 incertum
864 2099 980 2162 aquo,
1006 2098 1078 2141 cum
1102 2078 1179 2142 duo-

111 2167 171 2230 bus
195 2175 331 2249 tantum,
356 2168 411 2252 qui
434 2188 506 2230 eum
524 2166 763 2252 obequitantem
780 2189 818 2231 ac
838 2165 979 2250 singulos
999 2165 1178 2231 hortantem

109 2254 357 2338 comitabantur,
381 2255 569 2319 interfectus
592 2263 650 2319 est.
699 2253 850 2321 Ceterum
873 2257 1075 2319 incruentum
1096 2278 1180 2342 pene

110 2343 246 2408 Francis
268 2343 329 2408 hoc
353 2342 471 2407 bellum
495 2343 556 2407 fuit
579 2354 612 2408 et
636 2346 886 2430 prosperrimum
908 2346 1030 2409 exitum
1053 2343 1176 2430 habuit,

108 2434 240 2497 tametsi
263 2432 381 2496 diutius
405 2435 453 2496 sui
478 2431 699 2518 magnitudine
723 2433 915 2498 traheretur.

200 2522 278 2585 Post
302 2519 386 2606 quod
411 2531 443 2585 et
467 2519 662 2587 Saxonicum
686 2544 763 2587 suae
786 2522 964 2609 prolixitati
988 2525 1178 2588 conuenien-

108 2618 177 2674 tem
211 2609 308 2675 finem
331 2613 464 2696 aceepit.
688 2694 690 2698 ,

200 2698 429 2764 Boemanicum
451 2720 577 2784 quoque
601 2710 632 2765 et
655 2699 857 2784 Linonicum,
882 2722 964 2786 quae
987 2710 1102 2787 postea
1125 2723 1178 2764 ex·

110 2797 184 2852 orta
218 2798 304 2870 sunt,
340 2786 394 2852 diu
425 2787 540 2853 durare
567 2811 631 2853 non
658 2797 841 2874 potuerunt.
888 2788 1034 2868 Quorum
1057 2799 1179 2854 utrum-

109 2898 174 2963 que
199 2874 296 2941 ductu
319 2876 433 2941 Karoli
457 2879 587 2942 iunioris
611 2877 706 2942 celeri
730 2877 793 2942 fine
817 2878 1012 2964 completum
1037 2888 1094 2943 est.

203 2967 253 3030 14.
293 2964 449 3030 Vltimum
473 2976 584 3030 contra
608 2964 850 3047 Nordmannos,
875 2970 929 3052 qui
954 2967 1038 3032 Dani
1062 2989 1177 3032 uocan-

110 3063 179 3137 tur,
211 3057 316 3140 primo
347 3057 527 3142 pyraticam
561 3067 761 3131 exercentes,
794 3054 907 3120 deinde
940 3058 1054 3121 maiori
1078 3056 1179 3122 classe

108 3144 206 3208 litora
221 3142 348 3209 Galliae
371 3153 469 3229 atque
490 3141 687 3210 Germaniae
711 3155 883 3227 uastantes,
907 3145 1025 3210 bellum
1049 3166 1179 3232 suscep-

110 3242 181 3296 tum
204 3243 261 3297 est.
309 3232 453 3311 Quorum
476 3255 535 3298 rex
558 3231 752 3299 Godofridus
776 3234 857 3300 adeo
876 3255 960 3299 uana
975 3257 1033 3322 spe
1049 3235 1178 3300 inflatus

111 3329 197 3403 erat,
229 3333 265 3386 ut
298 3322 360 3386 sibi
389 3324 486 3386 totius
517 3319 712 3388 Germaniae
744 3325 946 3409 promitteret
974 3332 1177 3410 potestatem.

110 3409 250 3474 Frisiam
273 3431 400 3497 quoque
424 3419 521 3496 atque
545 3408 720 3477 Saxoniam
750 3410 836 3476 haud
867 3413 959 3477 aliter
986 3422 1082 3499 atque
1106 3434 1179 3479 suas

109 3500 289 3586 prouintias
318 3501 521 3564 aestimabat.
568 3500 639 3565 lam
662 3499 851 3585 Abodritos,
884 3504 1007 3566 uicinos
1030 3524 1122 3586 suos,
1146 3503 1180 3567 in

110 3609 201 3653 suam
235 3586 389 3653 ditionem
421 3587 609 3674 redegerat3
647 3593 711 3654 ianr
745 3612 798 3655 eos
834 3590 894 3655 sibi
928 3591 1104 3676 uectigales
1135 3591 1180 3656 fe-

109 3686 210 3741 eorat.
257 3672 405 3742 lactabat
440 3680 537 3742 etiam
570 3701 605 3743 se
633 3679 726 3743 breui
749 3677 971 3766 Aquasgrani,
1004 3678 1060 3744 ubi
1091 3681 1180 3766 regls

111 3767 283 3831 comitatus
316 3774 404 3848 erat,
435 3788 508 3831 cum
538 3769 687 3832 maximis
715 3769 814 3855 copiis
837 3768 1061 3834 aduentumm.
1108 3767 1180 3836 Nec

110 3852 205 3920 dictis
230 3855 309 3936 eius,
332 3856 479 3942 quamuis
502 3857 694 3939 uastissimis,
719 3860 847 3922 omnino
865 3855 944 3923 fides
960 3858 1178 3943 abnuebatur3
