2596 4246
539 141 731 202 ..2-

103 325 276 402 perpetua,
304 324 473 402 postquam
505 318 537 379 in
561 316 634 380 aula
657 318 724 381 eius
748 320 929 382 conuersari
953 319 1060 405 coepi,
1093 339 1173 382 cum

103 406 172 492 ipso
205 426 242 469 ac
273 405 382 468 liberis
410 405 477 468 eius
500 406 650 471 amicitia.
698 403 770 483 Qua
792 429 844 471 me
867 408 912 471 ita
936 407 997 471 sibi
1020 407 1172 471 deuinxit

103 493 345 579 debitoremque
368 502 435 556 tam
459 494 533 557 uiuo
554 516 648 580 quarn
665 504 790 558 mortuo
807 497 979 579 constituit,
996 505 1032 560 ut
1048 497 1172 560 merito

101 584 245 668 ingratus
276 580 378 646 uideri
408 591 440 646 et
471 582 604 646 iudicari
632 606 774 669 possem,
798 586 837 667 si,
862 595 910 648 tot
933 585 1168 650 beneficiorum

100 673 134 735 in
163 693 215 736 me
239 671 434 736 oculatorum
465 672 648 753 immemor,
679 673 853 738 clarissima
884 683 916 737 et
950 674 1172 738 illustrissima-

100 759 236 825 hominis
267 761 386 847 optime
410 758 523 824 deme
547 762 652 825 meriti
676 770 769 846 gesta
792 762 917 827 silentio
941 765 1169 849 praeterirem,

52 891 57 931 ι,
101 859 292 936 patererque
314 851 416 913 uitam
441 849 517 932 eius,
543 851 633 935 quasi
656 853 710 937 qui
732 873 907 936 numquam
931 854 1062 934 uixerit,
1093 853 1166 916 sine

55 931 60 988 ¹⁸>
98 938 214 1003 litteris
237 962 274 1008 ac
297 938 405 1003 debita
427 936 522 1003 laude
545 961 692 1022 manere3
717 941 769 1003 cui
791 939 978 1005 scribendae
994 951 1090 1026 atque
1107 963 1165 1005 ex-

99 1027 265 1114 plicandae
292 1049 354 1092 non
377 1049 485 1092 meum
508 1028 718 1113 ingeniolum,
743 1027 827 1115 quod
851 1030 933 1094 exile
956 1039 987 1096 et
1010 1053 1160 1117 paruum,

97 1119 195 1181 immo
217 1139 300 1203 pene
322 1116 442 1180 nullum
467 1126 524 1200 est,
548 1114 604 1181 sed
625 1116 806 1182 Tullianam
833 1141 892 1204 par
914 1128 983 1183 erat
1005 1117 1168 1184 desudare

95 1205 288 1273 facundiam.
857 1254 861 1263 .

184 1295 235 1361 En
258 1295 317 1361 tibi
339 1294 460 1360 librumv
479 1295 725 1381 praeclarissimi
748 1304 781 1360 et
804 1298 936 1360 maximi
959 1298 1021 1360 uiri
1039 1318 1165 1362 memo·

94 1386 176 1450 riam
195 1386 426 1467 continentem3
451 1386 484 1448 in
505 1406 567 1470 quo
584 1395 713 1469 praeter
728 1385 811 1449 illius
827 1387 915 1451 facta
929 1408 992 1451 non
1009 1387 1162 1471 estquod

95 1471 272 1558 admireris,
295 1475 357 1538 nisi
380 1471 472 1556 forte,
497 1473 582 1558 quod
605 1472 700 1539 homo
724 1474 879 1540 barbarus
904 1485 936 1538 et
959 1477 990 1539 in
1012 1475 1163 1541 Romana

92 1562 253 1628 locutione
285 1584 456 1648 perparum
484 1565 678 1629 exercitatus
708 1563 829 1648 aliquid
852 1586 904 1628 me
927 1564 1079 1629 decenter
1102 1576 1160 1628 aut
1217 1578 1219 1582 ’

92 1651 258 1718 commode
282 1649 398 1716 Latine
428 1651 567 1715 seribere
594 1674 688 1738 posse
711 1654 891 1737 putauerim
913 1664 1010 1738 atque
1033 1655 1064 1716 in
1087 1662 1158 1717 tan·

92 1749 159 1807 tam
183 1741 414 1827 impudentiam
437 1743 648 1826 proruperim,
673 1752 709 1804 ut
731 1741 809 1806 illud
825 1739 988 1808 Ciceronis
1008 1753 1160 1828 putarem

91 1829 396 1916 contempnendum,
435 1829 520 1915 quod
561 1831 594 1895 in
638 1831 742 1915 primo
782 1829 1034 1897 Taculaaarum
1073 1831 1160 1896 libro

91 1917 123 2005 (I
146 1921 176 2002 3,
202 1917 247 2005 6),
280 1941 352 1984 eum
376 1917 416 1983 de
439 1916 563 1986 Latinis
590 1918 798 2004 scriptoribus
821 1919 1018 2006 loqueretur,
1042 1921 1091 1983 ite
1111 1919 1157 1984 di·

90 2011 174 2073 xisse
185 2010 318 2093 legitur:
339 2006 513 2094 ,Mandare
524 2004 747 2093 quemquam,“
759 2008 873 2093 iuquit,
890 2007 1024 2094 ,litteris
1034 2010 1157 2092 cogita-

89 2100 192 2166 tiones
216 2120 304 2179 suas,
335 2099 390 2183 qui
418 2119 472 2161 aas
499 2118 560 2162 nee
583 2095 753 2181 disponere
775 2119 834 2162 nec
857 2098 1017 2163 illustrare
1040 2100 1154 2183 possit,

87 2209 146 2251 nec
169 2186 381 2253 delectatione
404 2185 512 2271 aliqua
534 2185 663 2251 allicere
686 2185 1011 2271 lectorem,·hominis
1036 2196 1084 2250 est
1107 2188 1155 2251 in-

87 2285 305 2363 temperanter
320 2276 483 2339 abutentis
499 2283 531 2340 et
547 2275 611 2339 otio
628 2286 660 2338 et
674 2272 820 2340 litteris.“
868 2275 999 2339 Poterat
1022 2275 1153 2361 quidem

50 2398 52 2402 ⁸
86 2363 165 2431 heac
189 2366 325 2429 oratoris
349 2365 474 2449 egregii
497 2365 656 2430 sententia
678 2384 731 2428 me
754 2387 774 2428 a
794 2363 963 2432 scribendo
978 2363 1151 2447 deterrere,

85 2456 146 2520 nisi
180 2456 286 2518 animo
320 2453 588 2540 praemeditatum
622 2451 790 2536 haberem,
828 2452 992 2517 hominum
1032 2451 1153 2516 iudicia

84 2545 190 2630 potius
223 2542 363 2628 experiri
396 2550 427 2606 et
459 2541 538 2606 haec
569 2539 736 2606 scribendo
759 2541 911 2624 ingenioli
935 2542 998 2605 mei
1022 2543 1146 2626 pericu-

84 2632 152 2699 lum
184 2632 306 2713 facere,
339 2653 435 2716 quam
466 2631 548 2696 tanti
570 2630 632 2695 uiri
654 2630 852 2713 memoriam,
876 2628 954 2693 mihi
977 2628 1151 2716 parcendo,

84 2722 272 2808 praeterire.

270 3008 385 3082 VITA
414 3007 594 3079 KAltOLI
622 3003 958 3078 IMPERATORIS.

173 3257 201 3320 1.
227 3251 316 3320 Gens
326 3252 577 3336 Meroingorum,
591 3251 631 3315 de
644 3271 707 3334 qua
718 3247 835 3314 Franci
851 3267 945 3330 reges
962 3245 1022 3311 sibi
1034 3267 1147 3311 creare

81 3343 165 3410 soliti
188 3352 290 3426 eraut,
314 3363 414 3426 usque
430 3343 463 3406 in
479 3338 660 3405 Hildricum
675 3358 796 3420 regem,
814 3338 868 3421 qui
883 3337 969 3398 iussu
987 3331 1145 3417 Stephani

81 3431 218 3500 Romani
248 3429 406 3518 pontificis
437 3428 600 3514 depositus
627 3449 665 3491 ac
689 3425 839 3490 detonsus
862 3433 957 3507 atque
980 3423 1014 3486 in
1036 3443 1143 3486 mona-

80 3524 212 3589 sterium
235 3530 341 3585 trusus
365 3512 426 3602 eet,
450 3515 580 3582 durasse
603 3523 743 3601 putatur.

168 3609 260 3689 Quae
291 3609 366 3674 licet
395 3609 428 3671 in
460 3605 513 3670 illo
546 3603 636 3668 finita
665 3602 765 3688 possit
796 3599 912 3681 uideri,
944 3607 1053 3662 tamen
1075 3599 1140 3663 iam

79 3695 199 3764 dudum
229 3697 356 3762 nullius
373 3696 495 3780 uigoris
518 3702 601 3775 erat,
629 3712 689 3755 uec
712 3689 882 3774 quicquam
905 3689 938 3751 in
961 3707 995 3748 se
1019 3686 1142 3754 clarum

77 3795 209 3874 praeter
231 3788 325 3853 inane
348 3787 435 3870 regis
455 3781 644 3847 uocabulum
663 3776 875 3863 praeferebat.
914 3771 1000 3841 Nam
1016 3785 1049 3840 et
1065 3799 1144 3864 opes
