2596 4246
517 169 711 230 ..9-

79 348 228 431 impares.
275 344 315 408 In
339 367 401 430 quo
425 344 544 431 proelio
561 343 768 430 Eggihardus
785 346 894 429 regiae
909 365 1039 410 mensae
1055 367 1145 430 prae·

78 436 217 520 positus,
241 432 436 498 Anshelmus
460 456 566 498 comes
597 434 709 520 palatii
740 430 784 520 [et
808 430 1035 498 Hruodlandus
1059 433 1145 497 Brit·

79 524 202 588 tannici
234 524 345 587 limitis
373 520 567 610 praefectus]
602 546 674 587 oum
704 522 775 588 aliis
809 523 1014 608 conpluribus
1050 523 1147 587 inter·

79 613 239 677 ficiuntur.
301 611 418 698 Neque
455 611 516 677 hoc
553 612 676 678 factum
722 610 764 676 ad
801 633 953 698 praesens
991 610 1147 675 uindicari

79 710 226 789 poterat,
266 703 341 787 quia
379 700 479 765 hostis
514 723 549 765 re
588 710 773 788 perpetrata
809 702 856 764 ita
892 699 1055 786 dispersus
1088 710 1146 783 est,

79 800 115 856 ut
139 813 179 855 ne
201 790 289 854 fama
311 791 439 876 quidem
471 799 668 873 remaneret,
701 790 831 854 ubinam
862 791 1005 873 gentium
1037 791 1149 875 quaeri

79 881 246 966 potuisset.

173 970 223 1032 10.
260 968 394 1032 Domuit
418 976 449 1032 et
465 965 639 1051 Brittones,
665 969 729 1052 qui,
753 967 794 1031 ad
818 965 1016 1032 occidentem
1039 968 1070 1030 in
1095 989 1148 1031 ex·

81 1066 186 1122 trema
202 1057 340 1142 quadam
357 1067 449 1144 parte
465 1054 591 1121 Galliae
615 1079 712 1143 super
727 1057 802 1120 litus
820 1054 942 1121 Oceani
957 1056 1144 1139 residentes,

82 1147 169 1210 dicto
192 1147 356 1211 audientes
379 1168 444 1211 non
468 1156 570 1229 erant,
595 1148 693 1210 missa
716 1148 750 1210 in
773 1169 827 1211 eos
849 1144 1062 1231 expeditione,
1086 1166 1150 1230 qua

82 1245 115 1300 et
139 1233 265 1300 obsides
289 1233 366 1300 dare
390 1245 432 1319 et,
457 1257 539 1321 quae
562 1237 813 1322 imperarentur,
839 1257 872 1299 se
896 1235 1037 1298 facturos
1060 1234 1149 1321 polli-

82 1326 148 1389 ceri
172 1326 274 1388 coacti
298 1333 380 1388 sunt.

172 1413 246 1499 Ipse
270 1424 399 1499 postea,
432 1433 504 1476 oum
527 1415 670 1477 exercitu
693 1413 821 1477 Italiam
845 1414 1008 1496 ingressus
1032 1434 1070 1476 ac
1093 1432 1152 1493 per

81 1502 219 1566 Romam
249 1504 310 1567 iter
334 1523 448 1586 agens,
473 1499 616 1588 Capuam
641 1500 838 1588 Campaniae
868 1500 980 1566 urbem
1004 1502 1150 1580 accessit,

83 1601 179 1676 atque
209 1592 254 1656 ibi
282 1591 394 1677 positis
418 1592 530 1655 castris
560 1589 679 1656 bellum
703 1590 957 1674 Beneuentanis,
987 1592 1022 1654 ni
1056 1588 1150 1655 dede·

82 1690 208 1765 rentur,
234 1682 445 1744 comminatus
469 1690 526 1744 est.
574 1678 746 1744 Praeuenit
769 1679 830 1744 hoc
854 1678 919 1744 dux
942 1680 1047 1763 gentis
1067 1677 1148 1742 Ara-

82 1771 186 1854 gisus,
222 1769 303 1833 filios
332 1791 405 1833 suos
428 1766 622 1833 Rumoldum
647 1780 679 1834 et
703 1768 905 1834 Grimcldum
934 1790 1006 1832 cum
1031 1790 1153 1852 magna

83 1861 221 1945 pecunia
251 1859 379 1923 obuiam
414 1859 485 1942 regi
515 1859 656 1923 mittens,
702 1856 826 1942 Rogat,
862 1869 897 1923 ut
920 1855 1001 1921 filios
1025 1856 1152 1922 obsides

84 1949 248 2034 suscipiat,
273 1969 371 2032 seque
395 1969 467 2012 oum
491 1958 588 2031 gente
611 1949 769 2033 imperata
793 1947 952 2011 facturum
972 1946 1150 2033 pollicetur,

83 2046 216 2124 praeter¹
237 2035 297 2100 hoc
322 2037 434 2119 solum,
460 2037 486 2098 si
509 2038 578 2122 ipse
601 2035 641 2100 ad
666 2045 870 2121 conspectum
895 2037 1005 2100 uenire
1022 2057 1151 2120 cogere·

83 2134 146 2190 tur.
193 2123 278 2208 Rex,
303 2126 441 2189 utilitate
465 2127 571 2209 gentis
593 2125 696 2209 magis
720 2146 817 2212 quam
841 2125 939 2188 animi
963 2127 1031 2189 eius
1055 2126 1150 2189 obsti·

83 2217 213 2280 natione
236 2212 448 2297 considerata,
472 2223 505 2277 et
526 2213 648 2279 oblatos
665 2214 725 2278 sibi
742 2212 868 2278 obsides
885 2215 1024 2299 suscepit
1048 2215 1151 2299 eique,

84 2314 120 2368 ut
144 2302 186 2368 ad
209 2315 416 2389 conspectum
439 2303 549 2366 uenire
572 2324 637 2368 non
661 2315 839 2388 cogeretur,
863 2324 921 2389 pro
945 2323 1062 2386 magno
1083 2324 1151 2365 mu·

83 2415 161 2457 nere
185 2393 355 2474 concessit3
381 2412 509 2476 unoque
525 2414 565 2456 ex
581 2390 664 2474 filiis,
690 2395 744 2478 qui
759 2393 863 2456 minor
883 2402 962 2475 erat,
987 2389 1151 2455 obsidatus

22 2557 26 2564 Ι
85 2483 193 2566 gratia
215 2492 350 2557 retento,
374 2481 528 2545 maiorem
553 2483 637 2567 patri
659 2483 800 2565 remisit3
835 2481 1014 2566 legatisque
1037 2480 1078 2544 ob
1102 2502 1150 2544 sa·

85 2580 251 2635 eramenta
273 2568 437 2634 fidelitatis
461 2592 480 2634 a
503 2569 740 2636 Beneuentanis
772 2568 931 2655 exigenda
962 2580 1059 2655 atque
1087 2592 1152 2634 sus·

85 2659 234 2745 cipienda
257 2682 329 2723 oum
346 2658 485 2743 Aragiso
501 2658 648 2740 dimissis,
672 2659 810 2724 Romam
825 2659 918 2742 redit,
943 2680 1073 2722 consum
1098 2660 1153 2722 tis·

86 2770 150 2834 que
173 2748 218 2812 ibi
242 2749 275 2812 in
298 2757 481 2812 sanctorum
504 2750 712 2813 ueneratione
732 2749 874 2813 locorum
892 2747 1013 2834 aliquot
1028 2681 1150 2828 diebus,

85 2840 117 2902 in
144 2835 283 2903 Galliam
307 2838 489 2902 reuertitur.

179 2928 229 2990 11.
276 2926 481 2991 Baioarioum
515 2925 630 2991 deinde
663 2926 782 2990 bellum
817 2936 849 2991 et
881 2935 1013 3012 repente
1047 2933 1152 2990 ortum

86 3025 120 3080 et
144 3015 240 3079 celeri
272 3014 335 3081 fine
367 3016 550 3102 conpletum
585 3024 643 3080 est.
690 3013 784 3094 Quod
816 3014 967 3101 superbia
997 3013 1153 3078 simulac

87 3104 235 3169 socordia
258 3103 434 3169 Tassilonis
466 3102 555 3168 ducis
588 3104 755 3187 excitauit3
790 3106 844 3189 qui
874 3103 1003 3169 hortatu
1033 3105 1152 3185 uxoris,

88 3215 171 3280 quae
193 3193 259 3257 filia
278 3192 441 3258 Desiderii
464 3195 551 3277 regis
575 3204 645 3258 erat
667 3216 704 3257 ac
727 3194 828 3280 patris
852 3193 982 3258 exilium
1006 3214 1064 3279 per
1087 3213 1154 3256 ma-

86 3284 186 3347 ritum
209 3281 319 3347 ulcisci
342 3305 436 3369 posse
459 3282 611 3369 putabat,
643 3282 752 3347 iuncto
782 3280 911 3346 foedere
941 3301 1014 3346 oum
1037 3278 1153 3360 Hunis,

88 3373 144 3457 qui
166 3370 325 3436 Baioariis
348 3372 485 3436 suntab
509 3372 631 3437 oriente
654 3372 859 3454 contermini,
883 3392 947 3435 non
971 3369 1073 3435 solum
1095 3371 1153 3433 im·

87 3470 202 3548 perata
225 3482 289 3524 non
312 3461 428 3542 faeere,
454 3458 508 3526 sed
532 3460 614 3525 bello
637 3483 750 3546 regem
771 3482 947 3545 prouocare
962 3459 1154 3546 temptabat.

89 3547 189 3615 Cuius
220 3551 470 3634 contumaciam,
506 3551 582 3636 quia
612 3551 712 3614 nimia
745 3548 931 3633 uidebatur,
968 3548 1154 3612 animositas
1190 3571 1195 3580 ·

88 3639 176 3722 regis
200 3638 283 3703 ferre
306 3639 511 3724 nequiuerat,
543 3661 581 3703 ac
609 3637 757 3725 proinde,
792 3639 891 3725 copiis
919 3637 1058 3723 undique
1082 3658 1154 3701 con·

89 3728 212 3812 tractis,
235 3725 419 3792 Baioariam
442 3730 611 3814 petiturus,
634 3729 704 3813 ipse
720 3727 761 3792 ad
776 3726 919 3792 Lechum
936 3748 1064 3792 amnem
1080 3749 1152 3791 cum

88 3816 232 3881 maximo
255 3817 344 3881 uenit
366 3818 519 3882 exercitu.
566 3815 599 3880 Is
622 3815 738 3880 fluuius
754 3816 919 3882 Baioarios
943 3817 983 3880 ab
1001 3813 1158 3881 Alaman-x
