2596 4246
533 176 752 240 -25-

112 355 240 441 imperii
264 364 371 418 autem
393 352 455 437 XI,
479 351 652 416 indictione
674 351 750 434 IIII,
775 373 871 437 quam
895 353 949 436 pia
972 361 1004 416 et
1027 353 1177 437 prudenti

115 442 369 508 consideratione
392 442 500 506 facere
523 440 679 526 decreuit,
710 452 743 506 et
771 439 899 504 domino
924 451 1085 505 annuente
1107 465 1178 528 per-

112 534 190 598 fecit
222 530 261 597 de
291 531 449 596 thesauris
482 533 546 595 suis
577 540 673 616 atque
705 530 854 617 pecunia,
887 550 969 614 quae
993 531 1025 593 in
1049 530 1102 594 illa
1125 530 1177 596 die

112 624 145 687 in
158 644 289 686 camera
305 623 372 685 eius
387 623 519 685 inuenta
535 630 593 685 est.
637 619 677 683 In
700 642 763 706 qua
786 617 864 683 illud
888 619 1060 704 praecipue
1085 642 1175 704 prae-

113 733 229 775 cauere
252 712 366 794 uoluit,
392 718 427 773 ut
448 732 513 774 non
529 709 631 772 solum
647 709 905 774 eleimosinarum
929 708 1068 792 largitio,
1094 731 1176 795 quae

114 801 335 888 sollempniter
365 798 449 885 apud
479 797 679 863 Christianos
713 798 753 864 de
787 797 1041 883 possessionibus
1064 820 1177 862 eorum

113 891 235 977 agitur,
266 911 324 974 pro
357 911 390 952 se
421 909 548 974 quoque
571 886 610 951 de
633 909 691 951 sua
713 887 849 974 pecunia
872 886 984 950 ordine
1007 896 1104 971 atque
1127 910 1177 952 ra-

113 981 202 1043 tione
218 977 435 1066 perficeretur,
461 974 644 1059 sedetiam,
669 986 704 1040 ut
727 974 862 1040 heredes
885 977 943 1059 sui,
968 977 1055 1038 omni
1077 978 1176 1040 ambi·

113 1070 238 1152 guitate
268 1076 407 1149 remota,
442 1064 518 1150 quid
550 1063 590 1128 ad
621 1088 654 1129 se
687 1066 849 1152 pertinere
879 1062 1024 1147 deberet,
1054 1063 1175 1150 liquido

113 1178 307 1242 cognoscere
337 1165 369 1219 et
399 1157 467 1218 siue
498 1155 555 1219 lite
585 1163 682 1240 atque
712 1155 914 1218 contentione
945 1176 1002 1218 sua
1031 1154 1115 1219 inter
1142 1177 1175 1219 se

113 1246 308 1331 competenti
332 1245 504 1329 partitione
526 1241 672 1308 diuidere
695 1245 881 1329 potuissent.

202 1332 274 1397 Hac
307 1336 407 1417 igitur
434 1334 611 1397 intentione
645 1342 741 1419 atque
764 1332 927 1419 proposito
952 1353 1079 1395 omnem
1104 1332 1176 1396 sub-

112 1425 266 1488 stantiam
290 1433 387 1506 atque
411 1421 664 1507 suppellectilem
688 1443 789 1502 suam,
815 1422 953 1506 quaein
977 1443 1053 1484 auro
1070 1429 1102 1484 et
1125 1443 1174 1484 ar-

112 1521 211 1597 gento
236 1511 435 1596 gemmisque
459 1520 491 1574 et
515 1520 629 1575 ornatu
651 1512 742 1595 regio
765 1512 797 1574 in
820 1509 888 1593 illa,
912 1519 947 1572 ut
970 1507 1091 1573 dictum
1116 1520 1174 1594 est,

112 1601 164 1666 die
188 1602 221 1665 in
245 1622 373 1665 camera
397 1600 464 1664 eius
487 1610 613 1686 poterat
636 1600 785 1681 inueniri,
810 1600 914 1687 primo
938 1596 1067 1685 quidem
1091 1599 1175 1663 trina

111 1689 268 1754 diuisione
286 1690 422 1775 partitus
442 1699 507 1772 est,
531 1687 647 1754 deinde
664 1688 793 1754 easdem
813 1699 922 1774 partes
943 1684 1174 1753 subdiuidendo

111 1780 152 1845 de
182 1777 306 1842 duabus
338 1778 482 1864 partibus
505 1777 574 1841 XX
598 1788 631 1842 et
653 1800 749 1843 unam
774 1789 900 1864 partem
924 1776 1015 1861 fecit,
1044 1779 1174 1842 tertiam

110 1870 272 1952 integram
295 1868 485 1932 reseruauit.

202 1956 246 2020 Et
269 1956 404 2021 duarum
429 1955 557 2041 quidem
581 1958 719 2042 partium
743 1958 775 2020 in
796 1955 862 2020 XX
881 1966 914 2020 et
933 1978 1030 2021 unam
1051 1966 1176 2042 partem

112 2046 200 2110 facta
234 2043 347 2109 diuisio
379 2045 437 2109 tali
470 2046 594 2109 ratione
626 2046 784 2128 consistit,
818 2055 868 2129 ut,
902 2047 977 2131 quia
1007 2047 1040 2109 in
1074 2068 1177 2130 regno

112 2134 198 2198 illius
222 2134 485 2220 metropolitanae
509 2135 653 2198 ciuitates
676 2133 741 2197 XX
764 2144 796 2198 et
815 2156 879 2198 una
902 2157 971 2199 esse
991 2146 1176 2221 noscuntur,

112 2245 324 2309 unaquaeque
339 2222 465 2286 illarum
488 2225 627 2309 partium
642 2221 683 2286 ad
699 2244 957 2309 unamquamque
973 2225 1177 2313 metropolim

113 2335 172 2400 per
201 2335 315 2375 manus
349 2308 504 2376 heredum
538 2319 571 2376 et
600 2312 776 2375 amicorum
811 2335 941 2377 suorum
974 2312 1177 2378 eleimosinae

112 2403 243 2466 nomine
266 2402 441 2485 perueniat,
468 2412 499 2464 et
522 2399 792 2487 archiepiscopus,
814 2403 869 2486 qui
884 2412 960 2465 tunc
975 2402 1059 2466 illius
1076 2403 1176 2467 eccle-

114 2492 181 2554 siae
211 2500 316 2553 rector
347 2491 503 2573 extiterit,
533 2499 673 2576 partem,
707 2512 789 2575 quae
817 2490 858 2555 ad
889 2514 979 2555 suam
1010 2492 1177 2556 ecclesiam

114 2578 192 2644 data
214 2589 272 2660 est,
298 2580 488 2664 suscipiens,
516 2600 588 2642 cum
612 2580 678 2642 suis
701 2579 911 2664 suffraganeis
935 2583 1108 2666 partiatur,
1140 2604 1178 2645 eo

115 2669 238 2733 scilicet
260 2667 365 2751 modo,
389 2678 426 2732 ut
449 2689 523 2754 pars
547 2669 643 2731 tertia
667 2690 743 2732 suae
759 2670 800 2733 sit
816 2670 979 2752 ecclesiae,
1003 2668 1085 2734 duae
1100 2693 1179 2735 uero

114 2767 225 2845 partes
248 2758 332 2821 inter
354 2757 571 2841 suffraganeos
595 2755 787 2822 diuidentur.

204 2845 330 2910 Harum
355 2844 555 2930 diuisionum,
581 2867 662 2932 quae
685 2869 726 2910 ex
753 2845 875 2910 duabus
901 2849 1011 2933 primis
1034 2847 1179 2934 partibus

114 2935 221 2999 factae
250 2944 323 2998 sunt
350 2945 382 2998 et
412 2937 503 2999 iuxta
525 2934 795 3021 metropoleorum
819 2937 986 3000 ciuitatum
1010 2959 1179 3001 numerum

114 3023 185 3089 XX
208 3033 241 3087 et
264 3045 327 3087 una
351 3046 421 3088 esse
444 3032 862 3111 noscuntur,‘unaquaeque
884 3026 924 3090 ab
949 3025 1050 3090 altera
1069 3049 1179 3113 seque·

115 3122 218 3177 strata
237 3114 385 3176 semotim
400 3115 433 3177 in
449 3135 505 3177 suo
522 3114 712 3198 repositorio
728 3136 801 3177 cum
819 3117 1088 3201 superscriptione
1106 3116 1180 3189 ciui·

114 3202 201 3283 tatis,
225 3201 266 3265 ad
290 3223 386 3286 quam
410 3201 603 3287 perferenda
626 3210 684 3286 est,
709 3203 877 3269 recondita
899 3206 993 3269 iacet.
1039 3203 1180 3268 Nomina

115 3290 400 3375 metropoleorum,
432 3291 473 3355 ad
503 3313 581 3377 quas
612 3291 724 3356 eadem
748 3291 934 3358 eleimosina
957 3294 1025 3357 siue
1048 3293 1178 3378 largitio

115 3376 264 3444 facienda
296 3389 360 3462 est,
376 3380 471 3444 haec
499 3390 589 3444 sunt:
619 3380 731 3464 Roma,
755 3380 925 3465 Rauenna,
950 3381 1179 3467 Mediolanum,

114 3467 236 3532 Forum
269 3465 356 3549 Iulii,
393 3467 539 3551 Gradus,
569 3467 715 3553 Oolonio,
748 3467 987 3555 Mogontiacus,
1020 3471 1179 3536 quauum

115 3579 197 3644 quae
221 3566 254 3621 et
274 3554 440 3640 Salzhurc,
459 3556 604 3641 Treueri,
622 3555 775 3644 Senones,
791 3560 956 3638 Vesontio,
972 3558 1179 3646 Lugdunum,

114 3645 330 3732 Rotomagus,
353 3645 462 3728 Remi,
487 3647 617 3731 Arelas,
642 3645 781 3730 Vienna,
805 3649 1009 3734 Darantasia,
1033 3648 1179 3717 Ebrudu-

114 3758 208 3816 num,
233 3734 425 3820 Burdigala,
451 3735 611 3821 Turones,
636 3735 808 3822 Bituriges.

131 3838 135 3845 ‘
204 3823 308 3890 Vnius
331 3835 439 3891 autem
455 3828 566 3912 partis,
592 3848 688 3912 quam
711 3828 870 3912 integram
893 3829 1052 3892 reseruari
1067 3827 1178 3913 uoluit,
