2596 4246
543 207 740 272 ..5-

195 388 226 450 4.
250 386 303 450 De
320 387 409 449 ouius
433 386 603 448 natiuitate
620 394 717 470 atque
733 383 869 448 infantia
884 383 938 447 uel
953 385 1051 449 etiam
1067 385 1172 469 pueri·

105 479 168 559 tia,
193 477 269 563 quia
291 496 397 560 neque
422 475 548 560 scriptis
572 495 726 559 umquam
749 473 870 558 aliquid
893 472 1089 537 declaratum
1113 481 1172 556 est,

105 587 210 650 neque
234 566 403 651 quisquam
427 563 521 627 modo
545 585 712 648 superesse
728 564 899 644 inuenitur,
924 563 978 647 qui
1002 561 1116 630 horum
1139 583 1173 624 se

107 654 196 719 dieat
229 653 350 718 habere
384 654 546 735 notitiam,
583 651 723 717 scribere
757 653 903 737 ineptum
937 649 1097 734 iudicans,
1133 649 1174 714 ad
1214 730 1216 737 Ι

106 752 197 809 actus
222 753 254 807 et
276 764 382 807 mores
407 751 593 827 ceterasque
617 743 703 805 uitae
725 741 810 804 illius
834 745 943 826 partes
967 737 1173 826 explicandas
1214 742 1218 813 l

108 856 146 897 ac
177 828 455 914 demonstrandas,
489 831 616 894 omissis
639 831 827 914 incognitis,
856 829 991 892 transire
1014 828 1172 914 disposui3
1215 830 1218 933 l

108 924 156 986 ita
179 931 297 997 tamen,
322 930 367 1004 nt,
392 921 496 1007 primo
520 942 572 984 res
596 929 704 1003 gestas
729 929 761 983 et
783 918 870 983 domi
893 928 926 981 et
948 917 1036 1000 foris,
1061 915 1175 982 deinde
1216 936 1222 1011 l

108 1033 216 1075 mores
250 1019 281 1075 et
314 1007 420 1073 studia
449 1009 529 1090 eius,
561 1018 630 1071 tum
660 1008 700 1072 de
729 1009 823 1093 regni
847 1006 1120 1072 administratione
1144 1015 1176 1071 et
1222 1030 1225 1041 ·

107 1098 172 1164 fine
205 1097 381 1179 narrando,
412 1096 490 1162 nihil
514 1096 553 1161 de
577 1096 641 1180 his,
667 1119 749 1181 quae
772 1098 902 1180 cognitu
925 1097 978 1160 uel
1002 1095 1101 1180 digna
1123 1095 1176 1159 uel
1223 1110 1226 1163 l

109 1190 292 1253 necessaria
314 1196 402 1270 sunt,
426 1188 692 1273 praetermittam.
1222 1178 1227 1270 j

199 1279 228 1341 5.
255 1275 407 1342 Omnium
438 1274 608 1358 bellorum,
637 1296 719 1360 quae
744 1276 857 1358 gessit,
882 1276 985 1360 primo
1008 1273 1176 1360 Aquitani-

109 1387 182 1431 cum
206 1389 226 1430 a
247 1375 339 1452 patre
363 1364 561 1446 inchoatum,
590 1362 646 1428 sed
668 1363 810 1427 nondum
832 1362 972 1447 finitum,
1006 1367 1080 1449 quia
1113 1364 1176 1425 cito

107 1457 222 1543 peragi
245 1477 340 1540 posse
364 1452 542 1536 uidebatur,
568 1451 667 1516 srat‘re
691 1451 796 1517 adhuc
812 1453 896 1537 uiuo,
914 1454 1012 1516 etiam
1033 1463 1065 1516 et
1089 1453 1176 1515 auxi-

107 1545 187 1608 lium
219 1543 305 1607 ferre
338 1552 469 1626 rogato,
502 1544 652 1628 suscepit.
708 1541 752 1606 Et
779 1543 855 1606 licet
883 1563 957 1606 eum
980 1542 1079 1606 frater
1103 1562 1174 1628 pro-

108 1635 206 1697 misso
229 1632 415 1696 frustrasset
438 1631 573 1712 auxilio,
600 1641 782 1717 susceptam
800 1629 1036 1716 expeditionem
1053 1641 1176 1695 streuu-

108 1724 217 1786 issime
250 1732 434 1799 exsecutus,
465 1743 530 1786 non
559 1723 647 1806 prius
670 1721 799 1805 incepto
822 1718 976 1784 desistere
999 1731 1055 1784 aut
1077 1720 1177 1784 semel

112 1819 260 1896 suscepto
292 1810 394 1875 labori
426 1809 540 1874 cedere
571 1809 685 1888 uoluit,
717 1831 812 1893 quarn
837 1809 911 1892 hoc,
936 1807 1021 1895 quod
1045 1809 1176 1874 efficere

110 1899 317 1982 moliebatur,
354 1901 593 1985 perseuerantia
628 1897 766 1984 quadarn
791 1920 828 1960 ao
862 1899 998 1983 iugitate
1032 1898 1176 1984 perlecto

110 1987 173 2053 fine
197 1988 409 2052 concluderet.
456 1987 542 2053 Nam
566 1998 598 2050 et
620 1985 818 2068 Hunoldum,
844 1989 898 2072 qui
921 1997 995 2073 post
1016 1986 1177 2051 Vuaiiarii

109 2086 248 2142 mortem
272 2074 481 2163 Aquitaniam
512 2098 669 2161 occupare
699 2075 881 2161 bellumque
910 2078 974 2140 iam
997 2098 1080 2162 pene
1103 2098 1174 2162 per-

110 2176 219 2231 actum
248 2189 401 2252 reparare
433 2175 663 2251 temptauerat‚
694 2164 903 2250 Aquitaniam
932 2166 1113 2250 relinquere
1144 2174 1176 2230 et

110 2253 326 2321 Vuasconiam
357 2265 466 2341 petere
499 2256 614 2338 coegit.
662 2251 767 2330 Quem
794 2262 903 2318 tamen
930 2254 975 2318 ibi
1002 2257 1176 2318 consistere

110 2367 174 2409 non
197 2346 368 2427 sustinens,
398 2345 584 2407 transmisso
608 2364 701 2406 amne
726 2340 895 2425 Garonna,
920 2342 1012 2428 Lupo
1034 2343 1176 2408 Vuasco-
1263 2342 1265 2347 ’

110 2455 187 2497 num
204 2430 277 2496 duci
292 2455 350 2518 per
370 2432 494 2515 legatos
518 2432 660 2516 mandat,
684 2442 720 2495 ut
743 2432 912 2518 perfugam
935 2430 1064 2515 reddat,
1091 2431 1176 2518 quod

110 2523 144 2586 ni
173 2521 324 2585 festinato
354 2521 466 2605 faciat,
498 2520 582 2585 bello
616 2543 650 2586 se
681 2543 754 2585 eum
777 2520 1063 2607 expostulaturum.
1110 2518 1177 2587 Sed

111 2610 233 2697 Lupus,
259 2612 376 2675 saniori
398 2632 474 2674 usus
498 2610 639 2692 consilio,
663 2632 727 2674 non
750 2610 851 2674 solum
868 2608 1055 2674 Hunoldum
1072 2609 1175 2675 reddi·

112 2699 169 2784 dit,
195 2698 364 2763 sedetiam
381 2722 415 2764 se
433 2701 539 2785 ipsum
563 2721 635 2762 cum
659 2700 829 2785 prouintia,
854 2700 906 2762 cui
929 2708 1085 2786 praeerat,
1110 2702 1177 2764 eius

113 2789 265 2876 potestati
289 2789 444 2874 permisit.

205 2879 234 2942 6.
261 2873 444 2963 Conpositis
467 2879 500 2941 in
524 2876 700 2963 Aquitania
721 2877 818 2941 rebus
843 2898 944 2963 eoque
968 2877 1053 2942 bello
1075 2876 1176 2959 finito,

115 2967 210 3050 regni
233 2989 358 3051 quoque
382 2967 467 3030 socio
490 2967 556 3029 iam
579 2966 676 3031 rebus
699 2964 846 3030 humanis
870 2975 1037 3052 exempto,
1060 2974 1178 3050 rogatu

114 3063 147 3119 ct
180 3055 328 3142 precibus
358 3054 495 3120 Adriani
525 3054 690 3119 Romanae
721 3055 808 3119 urbis
842 3056 984 3141 episcopi
1016 3065 1177 3139 exoratus,

113 3144 232 3208 bellum
256 3154 365 3209 contra
381 3143 614 3226 Langobardos
638 3146 787 3229 suscepit.
835 3143 928 3222 Quod
943 3145 1032 3230 prius
1048 3142 1178 3230 quidem

115 3242 147 3296 et
171 3256 190 3296 a
213 3243 306 3319 patre
330 3235 407 3315 eius,
433 3231 597 3318 Stephano
620 3254 707 3319 papa
729 3232 938 3319 supplicante,
963 3255 1036 3298 cum
1060 3255 1179 3316 magna

114 3321 307 3387 difficultate
342 3332 525 3409 susceptum
560 3330 625 3406 est,
661 3323 737 3407 quia
771 3321 901 3407 quidam
935 3344 952 3386 e
1007 3322 1178 3386 rimoribus

113 3410 328 3493 Francorum,
362 3433 434 3475 cum
457 3411 574 3496 quibus
596 3409 776 3474 consultare
800 3410 937 3492 solebat,
961 3345 1042 3474 adeo
1067 3410 1178 3475 uolun-

114 3500 174 3576 tati
198 3500 266 3565 eius
288 3501 386 3565 renisi
409 3515 494 3582 sunt,
527 3508 563 3565 nt
587 3521 620 3564 se
642 3522 754 3585 regem
778 3497 961 3564 deserturos
985 3497 1179 3585 domumque

114 3587 274 3653 redituros
308 3588 411 3654 libera
443 3610 523 3653 uoce
556 3589 801 3675 proclamarent.
849 3585 1044 3674 Susceptum
1071 3596 1179 3654 tamen

115 3686 165 3742 est
187 3687 264 3743 tunc
287 3686 398 3742 contra
409 3676 608 3743 Haistulfum
622 3700 733 3763 regom
752 3687 784 3741 et
800 3677 967 3742 celerrime
982 3677 1177 3764 conpletum.

116 3763 181 3831 Sed
205 3767 279 3832 licet
302 3767 363 3831 sibi
387 3777 418 3831 et
441 3767 526 3853 patri
548 3766 626 3832 belli
653 3764 847 3852 suscipiendi
878 3767 989 3832 similis
1013 3788 1051 3832 ac
1074 3769 1180 3853 potius

115 3855 229 3949 eadem
252 3878 348 3932 causa
370 3856 502 3922 subesse
524 3855 700 3940 uideretur,
724 3855 810 3921 baud
833 3857 929 3921 simili
951 3865 1060 3922 nmen
1084 3866 1116 3921 et
1136 3856 1180 3920 la-
