2596 4246
513 201 732 276 ..ffi-

92 390 178 479 apud
208 392 343 455 Romam
387 391 554 454 ecclesiam
591 391 677 456 beati
700 391 790 454 Petri
822 388 974 477 apostoli3
1008 391 1041 453 in
1071 391 1160 454 cuius

29 538 32 546 .
92 482 225 547 donaria
246 501 365 565 magna
388 480 436 543 uis
459 481 614 564 pecuniae
637 481 752 544 tamin
768 502 845 543 auro
863 500 960 564 quam
975 480 1008 542 in
1024 487 1160 561 argento

92 592 237 635 necnon
260 579 293 632 et
316 569 453 652 gemmis
486 570 526 633 ab
560 569 614 633 illo
648 580 800 654 congesta
828 579 885 632 est.
932 566 1036 632 Multa
1059 577 1091 631 et
1114 568 1160 631 in·

91 682 225 724 numera
249 654 451 744 pontificibus
474 680 607 723 munera
622 660 728 722 missa.
777 657 892 744 Neque
908 657 961 721 ille
978 665 1044 721 toto
1066 658 1161 740 regni

93 751 143 813 sui
165 759 310 834 tempore
346 750 515 832 quicquam
551 747 643 812 duxit
674 748 852 832 antiquius,
889 768 984 832 quam
1017 754 1053 808 ut
1084 745 1161 810 urbs

92 839 195 902 Roma
219 858 276 899 sua
300 857 399 922 opera
423 858 542 922 suoque
565 836 675 901 labore
692 846 802 900 uetere
817 835 954 923 polleret
969 838 1161 900 auctoritate

93 937 126 992 et
150 926 286 991 ecclesia
309 925 411 989 sancti
433 923 523 990 Petri
546 926 717 1012 perillum
740 947 802 989 non
827 927 928 990 solum
952 933 1022 988 tuta
1045 947 1081 986 ac
1106 923 1160 988 de·

92 1016 194 1100 feusa,
219 1015 274 1078 sed
298 1017 395 1080 etiam
418 1015 482 1077 suis
506 1015 620 1099 opibus
643 1038 721 1102 prae
746 1015 892 1079 omnibus
916 1013 1059 1079 ecclesiis
1077 1022 1161 1077 esset

94 1116 206 1170 ornata
229 1114 325 1189 atque
349 1104 459 1168 ditata.
506 1101 612 1181 Quam
643 1126 715 1167 cum
737 1106 820 1168 tanti
850 1103 1019 1191 penderet,
1052 1117 1161 1166 tamen

92 1197 178 1258 intra
199 1191 331 1257 XLVII
355 1213 518 1274 annorum,
544 1194 658 1278 quibus
682 1204 893 1277 regnauerat,
919 1194 1059 1280 spatium
1083 1213 1168 1277 qua·
1202 1268 1204 1272 g

92 1293 143 1348 ter
166 1292 290 1346 tantum
313 1282 366 1345 illo
390 1290 536 1345 uotorum
554 1280 777 1347 soluendorum
794 1305 832 1347 ac
847 1282 1048 1370 supplicandi
1065 1302 1162 1346 causa

92 1372 254 1460 profectus
279 1382 335 1434 est.

183 1462 235 1524 28.
273 1458 385 1525 Vltimi
408 1460 564 1525 aduentus
581 1462 628 1523 sui
644 1483 709 1525 non
725 1463 828 1525 solum
845 1459 906 1524 hae
922 1460 1012 1524 fuere
1033 1481 1159 1542 causae,

93 1572 207 1614 uerum
243 1550 339 1614 etiam
372 1548 457 1635 quod
479 1550 616 1615 Romani
639 1547 785 1614 Leonem
816 1548 1019 1636 pontificem,
1052 1549 1161 1613 multis

93 1637 243 1703 affectum
267 1640 401 1722 iniuriis,
426 1641 524 1703 erutis
541 1638 662 1705 scilicet
679 1638 777 1704 oculis
791 1640 967 1724 linguaque
983 1646 1160 1726 amputata,

92 1726 189 1791 fidem
214 1729 299 1811 regis
323 1728 495 1814 implorare
519 1727 751 1815 compulerunt.
796 1728 921 1793 Idcirco
945 1729 1083 1792 Romam
1107 1750 1161 1792 ue-

93 1819 198 1899 niens,
233 1826 366 1902 propter
390 1817 620 1903 reparandum,
653 1819 707 1902 qui
730 1819 824 1881 nimis
848 1819 1057 1882 conturbatus
1081 1827 1160 1901 erat,

93 1904 248 1970 ecclesiae
273 1915 391 1969 statum
415 1907 460 1971 ibi
483 1916 585 1970 totum
608 1907 722 1971 hiemis
745 1917 873 1992 tempus
897 1909 1047 1971 extraxit.
1088 1904 1160 1985 Quo

91 2003 237 2080 tempore
268 1995 471 2080 imperatoris
506 2005 538 2060 et
569 1999 700 2080 augusti
733 2018 850 2061 nomen
884 1999 1018 2085 accepit.
1065 1993 1161 2072 Quod

91 2087 196 2171 primo
219 2084 401 2147 intantum
424 2095 590 2150 auersatus
615 2095 675 2166 est,
707 2094 742 2148 ut
765 2083 951 2149 adfirmaret
974 2108 1009 2150 se
1033 2108 1070 2149 eo
1094 2083 1156 2168 die,

93 2174 239 2259 quemuis
269 2174 443 2258 praecipua
472 2173 630 2238 festiuitas
654 2185 754 2257 esset,
780 2173 949 2238 ecclesiam
972 2196 1037 2238 non
1059 2175 1157 2238 intra·

91 2271 214 2342 turum,
240 2263 265 2323 si
288 2259 448 2347 pontificis
476 2263 642 2326 consilium
666 2265 828 2349 praescire
858 2264 1023 2350 potuisset.
1070 2262 1158 2326 Inui-

93 2349 179 2413 diam
195 2359 305 2413 tamen
320 2353 460 2436 suscepti
475 2353 621 2432 nominis,
638 2350 791 2415 Romanis
802 2352 1051 2438 imperatoribus
1064 2373 1161 2438 super

91 2438 153 2502 hoc
175 2437 428 2522 indignantibus,
453 2461 571 2524 magna
591 2440 664 2503 tulit
679 2441 849 2526 pacientia.
881 2441 1033 2526 Vicitque
1049 2462 1159 2505 eorum

93 2528 328 2593 contumaciam
351 2530 630 2613 magnanimitate,
656 2551 719 2614 qua
742 2531 787 2592 eis
811 2530 922 2616 procul
945 2529 1041 2594 dubio
1064 2531 1161 2614 louge

91 2618 309 2705 praestantior
332 2613 418 2701 erat,
448 2615 603 2681 mittendo
628 2616 668 2681 ad
692 2641 746 2682 eos
775 2619 904 2683 crebras
928 2619 1105 2703 legationes
1129 2628 1161 2684 et

91 2707 125 2770 in
149 2707 295 2790 epistulis
317 2705 433 2770 fratres
457 2728 510 2769 eos
533 2706 732 2793 appellando.

183 2797 234 2859 29.
282 2793 359 2858 Post
391 2803 573 2880 susceptum
604 2796 772 2881 imperiale
801 2817 918 2860 nomen
946 2818 1019 2860 cum
1042 2796 1156 2860 aduer-

92 2893 176 2948 teret
198 2884 299 2947 multa
320 2884 446 2968 legibus
481 2885 590 2971 populi
619 2887 669 2948 sui
692 2882 802 2948 deesse
826 2883 915 2967 (nam
938 2885 1057 2948 Franci
1082 2884 1160 2948 duas

91 2971 214 3037 habent
236 2973 340 3056 leges,
365 2974 398 3035 in
421 2972 567 3060 plurimis
590 2973 667 3037 locis
690 2973 784 3037 ualde
809 2974 965 3057 diuersas)
994 2976 1160 3058 cogitauit,

93 3072 176 3147 q'uae
200 3061 333 3125 deerant
356 3060 474 3126 addere
499 3073 531 3127 et
555 3060 770 3148 discrepantia
792 3064 893 3145 unire,
918 3084 1018 3148 praua
1035 3084 1161 3148 quoque

92 3173 131 3215 ac
154 3172 323 3238 perperam
348 3149 472 3236 prolata
495 3152 672 3236 corrigere,
697 3150 752 3214 s'ed
775 3148 814 3214 de
839 3152 888 3216 his
911 3151 988 3215 nihil
1013 3149 1100 3215 aliud
1119 3152 1160 3214 ab

92 3255 131 3304 eo
155 3239 276 3304 factum
301 3248 360 3322 est,
385 3240 451 3303 nisi·
463 3240 546 3325 quod
563 3262 667 3326 pauca
682 3239 831 3326 capitula,
856 3251 889 3305 et
905 3263 943 3305 ea
958 3240 1159 3326 imperfecta,

90 3327 219 3413 legibus
241 3325 373 3392 addidit.
413 3325 567 3393 Omnium
582 3338 692 3395 tamen
705 3331 881 3413 nationum,
906 3351 989 3415 quae
1011 3330 1070 3393 sub
1092 3331 1161 3394 eius

93 3415 259 3482 dominatu
283 3426 385 3499 erant,
410 3418 488 3500 iura,
515 3439 596 3503 quae
620 3420 741 3504 scripta
763 3440 825 3482 non
850 3428 949 3500 erant,
976 3417 1159 3483 describere

93 3528 130 3571 ac
154 3507 269 3570 litteris
293 3505 439 3570 mandari
462 3505 547 3570 fecit.

124 3620 128 3626 ·
181 3594 267 3659 Item
289 3593 429 3659 barbara
453 3605 485 3659 et
508 3596 731 3681 antiquissima
755 3597 907 3677 carmina,
932 3597 1049 3681 quibus
1072 3604 1160 3659 uete-

91 3705 164 3748 rum
186 3705 302 3768 regum
325 3693 472 3748 actus-et
495 3682 580 3748 bella
604 3684 817 3768 canebantur,
853 3687 981 3773 scripsit
1012 3685 1160 3749 memori-

93 3787 194 3858 aeque
218 3771 393 3839 mandauit.
440 3771 610 3839 Inchoauit
641 3785 673 3837 et
702 3775 945 3858 grammaticam
973 3775 1076 3860 patrii
1098 3794 1160 3839 ser·

91 3883 205 3927 moure.
555 3899 557 3904 ·
888 3880 891 3887 ’
1126 3887 1128 3895 ·
