2596 4246
536 204 755 272 ...19:-

112 386 196 450 enirn
220 405 283 448 non
312 385 392 450 adeo
422 386 584 449 abstinere
619 393 763 472 poterat,
800 394 836 449 ut
865 407 961 471 saepe
992 395 1177 470 quereretur

112 474 211 537 noxia
234 475 359 560 corpori
383 496 440 538 suo
465 497 533 539 esse
557 475 683 539 ieiunia.
731 473 971 538 Conuiuabatur
1002 474 1175 558 rarissime,

112 571 145 627 et
167 561 227 627 hoe
250 565 431 650 praecipuis
453 571 576 628 tanturn
600 563 840 647 festiuitatibus,
864 573 941 629 tunc
962 572 1073 628 tamen
1094 584 1178 651 cum,

110 673 230 735 magno
253 654 417 717 hominum
441 675 583 717 numero.
631 650 739 717 Caena
756 651 916 716 cotidiana
932 653 1094 737 quaternis
1110 662 1178 716 tan·

111 749 181 805 tum
205 740 332 805 ferculis
356 742 580 827 praebebatur,
605 751 733 827 praeter
749 763 864 821 assam,
888 763 984 827 quam
1007 751 1178 807 senatores

111 830 242 894 ueribus
266 831 384 894 inferre
408 831 563 915 solebant,
589 852 652 916 qua
666 830 719 894 ille
735 831 886 895 libentius
911 852 1007 916 quam
1030 830 1094 893 ullo
1114 830 1176 894 alio

112 919 185 982 cibo
212 920 413 986 uescebatur.
459 919 549 984 Inter
572 918 769 984 caenandum
798 929 853 984 ant
876 918 1006 1004 aliquod
1028 941 1178 983 acroama

111 1017 168 1071 aut
190 1007 343 1072 lectorem
367 1008 527 1075 audiebat.
573 1008 781 1091 Legebantur
805 1011 835 1073 ei
864 1008 1016 1072 historiae
1040 1017 1072 1071 et
1096 1009 1177 1073 anti-

113 1115 249 1182 quorum
282 1120 333 1162 res
367 1107 488 1180 gestae.
536 1097 768 1162 Delectabatur
803 1108 834 1161 et
866 1097 956 1162 libris
985 1099 1087 1162 sancti
1111 1097 1176 1161 Au-

113 1187 243 1270 gustini,
268 1189 502 1272 praecipueque
525 1187 590 1270 his,
622 1189 675 1272 qui
698 1188 749 1252 De
778 1189 909 1252 ciuitate
940 1185 990 1250 dei
1023 1187 1176 1272 praetitu-

112 1274 173 1342 lati
196 1283 279 1338 sunt.
325 1275 402 1339 Vini
433 1286 465 1340 et
492 1277 594 1340 omnis
617 1286 712 1362 potus
735 1276 815 1341 adeo
838 1298 954 1364 parcus
981 1275 1177 1340 inhibendo

113 1372 192 1445 erat,
218 1374 253 1427 ut
276 1386 372 1450 super
396 1386 527 1429 caenam
550 1387 623 1429 raro
647 1365 718 1451 plus
743 1388 839 1450 quam
862 1375 910 1428 ter
934 1364 1070 1432 biberet.

203 1450 337 1517 Aestate
360 1464 432 1540 post
456 1453 562 1518 cibum
593 1455 824 1538 meridianum,
859 1475 1028 1540 pomorum
1057 1450 1180 1538 aliquid

112 1564 243 1607 sumens
259 1564 296 1605 ae
313 1541 412 1607 semel
427 1542 550 1626 bibens,
575 1541 727 1630 depositis
743 1544 886 1609 uestibus
903 1552 934 1606 et
951 1542 1178 1625 calciamentis,

112 1631 202 1695 uelut
232 1639 330 1694 noctu
361 1630 471 1695 solitus
495 1640 577 1715 erat,
613 1630 736 1697 duabus
766 1642 822 1696 aut
853 1631 955 1697 tribus
982 1631 1069 1697 horis
1093 1633 1178 1716 quie·

113 1720 233 1784 scebat.
281 1719 439 1785 Noctibus
461 1721 507 1785 sic
530 1720 724 1804 dormiebat,
748 1732 784 1785 ut
816 1744 961 1786 somnum
986 1730 1100 1805 quater
1123 1728 1179 1784 aut

114 1810 283 1895 quinquies
299 1831 363 1872 non
378 1811 481 1873 solum
497 1810 766 1896 expergescendO,
792 1809 847 1875 sed
864 1812 961 1875 etiam
977 1809 1178 1893 desurgendo

112 1900 373 1984 interrumperet.

204 1984 286 2050 Cum
311 1987 500 2052 calciaretur
523 1997 556 2052 et
585 1988 783 2070 amiciretur,
815 2010 878 2052 non
907 1995 1033 2053 tantum
1057 1989 1176 2053 amicos

110 2073 313 2158 admittebat,
337 2099 449 2140 uerum
475 2077 586 2160 etiam,
611 2079 638 2140 si
661 2100 767 2142 comes
790 2076 902 2164 palatii
925 2078 1012 2141 litem
1036 2077 1177 2161 aliquam

111 2187 182 2228 esse
213 2161 350 2248 diceret,
385 2187 466 2251 quae
501 2166 570 2230 sine
603 2167 671 2231 eius
701 2168 789 2230 iussu
819 2163 945 2230 definiri
972 2187 1034 2228 non
1059 2174 1176 2252 posset,

111 2253 222 2318 statim
245 2253 406 2338 litigantes
428 2251 630 2318 introducere
653 2255 745 2319 iussit
768 2262 810 2336 et,
834 2254 922 2318 uelut
945 2277 1003 2341 pro
1027 2253 1179 2318 tribunali

110 2338 248 2425 sederet,
273 2340 329 2406 lite
353 2343 482 2426 cognita
498 2345 687 2407 sententiam
701 2342 794 2410 dixit.
831 2341 903 2407 Nec
919 2342 979 2406 hoc
998 2352 1123 2406 tanturn
1141 2365 1179 2407 eo

110 2439 267 2518 tempore,
292 2428 348 2495 sed
371 2433 469 2495 etiam
493 2430 644 2518 quicquid
660 2454 699 2497 ea
714 2433 766 2497 die
782 2431 950 2497 cuiuslibet
966 2431 1063 2497 officii
1079 2453 1176 2517 agen·

111 2517 190 2672 dupin
224 2528 280 2583 aut
315 2521 463 2605 cuiquam
486 2522 704 2585 ministrorum
739 2517 969 2606 iniungendum
1003 2531 1089 2603 erat,
1125 2542 1178 2585 ex-

136 2607 273 2672 eiebat.

111 2632 133 2697 p
204 2699 256 2766 25.
291 2697 371 2763 Erat
395 2698 575 2784 eloquentia
598 2700 744 2787 copiosus
767 2709 800 2764 et
822 2693 1013 2783 exuberans,
1034 2706 1178 2785 poterat·

113 2808 188 2875 que,
213 2785 363 2872 quicquid
386 2787 494 2870 uellet,
519 2789 718 2874 apertissime
742 2789 930 2876 exprimere.
977 2786 1048 2852 Nec
1074 2789 1179 2874 patrio

111 2885 240 2941 tanturn
263 2898 410 2941 sermone
434 2887 614 2959 contentus,
650 2879 746 2941 etiam
768 2877 949 2965 peregrinis
970 2876 1090 2960 linguis
1115 2875 1179 2941 edi-

113 2962 239 3031 scendis
255 2986 386 3052 operam
408 2964 574 3052 impendit.
621 2965 659 3029 In
683 2966 798 3052 quibus
814 2964 963 3030 Latinam
990 2967 1036 3029 ita
1059 2963 1180 3049 didicit,

112 3063 149 3119 ut
172 3075 275 3138 aeque
297 3052 352 3119 illa
374 3075 413 3117 ac
435 3057 540 3140 patria
561 3056 673 3140 lingua
696 3077 788 3120 orare
816 3056 857 3119 sit
881 3052 1008 3138 solitus3
1038 3052 1180 3120 Greoam

112 3164 193 3208 uero
215 3143 329 3207 melius
351 3142 540 3229 intellegere
563 3166 659 3230 quam
681 3145 889 3232 pronuntiare
911 3152 1049 3230 poterat.
1088 3141 1181 3208 Adeo
1242 3086 1259 3233 ll

113 3228 244 3320 quidem
267 3230 423 3297 facundus
446 3242 525 3316 erat,
550 3243 585 3297 ut
609 3235 704 3297 etiam
730 3233 892 3298 dicaculus
915 3242 1097 3319 appareret.
1229 3205 1244 3334 ,l

204 3319 301 3385 Artes
316 3320 464 3386 liberales
480 3319 710 3387 studiosissime
725 3323 832 3404 coluit,
849 3344 1023 3407 earumque
1036 3319 1180 3386 doctores
1215 3322 1221 3428 l

113 3411 290 3497 plurimum
313 3419 483 3476 ueneratus
506 3412 632 3496 magnis
655 3408 825 3476 adficiebat
847 3410 1032 3478 honoribus.
1072 3409 1112 3475 In
1136 3407 1181 3474 di-

113 3497 234 3566 scenda
268 3501 481 3584 grammatica
515 3499 646 3565 Petrum
680 3499 831 3565 Pisanum
870 3498 1035 3564 diaconem
1070 3521 1180 3565 senem

113 3586 248 3655 audiuit.
294 3587 333 3652 In
357 3591 471 3653 esteris
487 3588 661 3676 disciplinis
677 3588 831 3654 Albinum
847 3598 1058 3674 cognomento
1074 3587 1181 3653 Alcoi-

114 3700 211 3759 num,
237 3677 315 3741 item
339 3674 522 3762 diaconem,
554 3679 594 3744 de
617 3677 779 3744 Brittania
802 3676 953 3745 Saxonioi
976 3679 1103 3764 generis
1126 3674 1181 3742 he·

113 3768 249 3851 minem,
285 3767 391 3831 uirum
413 3765 636 3854 undecumque
668 3766 903 3849 doctissimum,
936 3775 1181 3854 praeceptorem

113 3855 245 3940 habuit3
269 3855 353 3942 apud
378 3878 472 3942 quem
497 3866 529 3921 et
544 3856 724 3922 rethoricae
741 3866 772 3921 et
787 3855 983 3940 dialecticae,
1008 3857 1180 3944 praecipue
