2596 4246
187 1177 298 1260 Vitam
330 1205 363 1259 et
393 1196 671 1259 conuersationem
702 1206 735 1257 et
763 1216 803 1257 ex
831 1204 923 1278 parte
951 1215 1015 1258 non
1039 1189 1167 1257 modica
1194 1208 1198 1245 ῒ

96 1309 149 1350 res
174 1296 281 1370 gestas
297 1283 419 1348 domini
435 1294 467 1346 et
482 1285 646 1347 nutritoris
670 1284 734 1346 mei
757 1282 880 1364 Karoli,
905 1283 1165 1347 excellentissimi
1189 1334 1191 1341 ,

99 1387 131 1440 et
164 1377 280 1440 merito
310 1374 517 1438 famosissimi
545 1375 648 1457 regis,
680 1383 850 1458 postquam
874 1373 1014 1436 scribere
1038 1373 1163 1436 animus

96 1465 181 1547 tulit,
207 1473 326 1549 quanta
350 1472 405 1549 pot
407 1464 439 1526 ui
392 1463 621 1526 tbreuitate
588 1461 828 1547 tcomplexus
844 1483 928 1543 sum3
954 1483 1085 1547 operam
1107 1462 1164 1524 im-

100 1551 258 1640 pendens,
292 1563 326 1616 ut
313 1551 398 1616 tde
432 1552 494 1632 his,
527 1573 609 1636 quae
632 1548 673 1615 ad
696 1573 801 1614 meam
824 1551 972 1614 notitiam
996 1551 1165 1636 peruenire

60 1704 63 1709 .
100 1652 155 1728 pot
157 1651 289 1723 uerunt,
260 1627 405 1704 tnihil
439 1642 531 1704 omitt
518 1651 621 1704 terem
655 1661 759 1724 neque
794 1640 978 1726 prolixitate
1013 1638 1166 1703 narrandi
1216 1686 1217 1690 ,

100 1753 184 1795 noua
208 1691 352 1816 quaeque
375 1727 608 1793 fastidientium
633 1731 755 1793 animos
779 1726 986 1811 offenderem3
1012 1731 1038 1792 si
1057 1739 1166 1792 tamen

101 1820 162 1884 hoc
185 1820 249 1883 ullo
271 1818 366 1884 modo
389 1820 485 1883 uitari
508 1829 564 1904 pot
551 1828 625 1900 t,est
651 1828 686 1881 ut
701 1839 785 1880 noua
801 1819 974 1904 scriptione
990 1840 1053 1881 non
1070 1817 1167 1881 offen-

98 1909 228 1993 dantur,
253 1910 308 1994 qui
330 1919 442 1973 uetera
465 1918 498 1972 et
521 1930 541 1970 a
563 1908 640 1970 uiris
664 1904 856 1971 doctissimis
880 1916 976 1991 atque
994 1906 1165 1971 disertissi-

99 2001 162 2062 mis
185 1998 330 2062 confecta
353 2008 561 2062 monumenta
584 1995 759 2060 fastidiunt.

190 2086 234 2150 Et
255 2108 449 2172 quamquam
472 2086 578 2172 plures
603 2108 672 2150 esse
695 2107 758 2148 non
781 2084 954 2167 ambigam,
979 2087 1034 2169 qui
1049 2086 1114 2148 otio
1130 2106 1168 2148 ac

98 2176 213 2240 litteris
247 2174 347 2240 dediti
376 2186 495 2240 statum
523 2175 594 2238 aeui
625 2175 801 2258 praesentis
825 2174 1022 2238 arbitrentur
1045 2175 1090 2238 ita
1112 2195 1166 2237 ne·

99 2263 311 2350 glegendum‚
344 2274 380 2328 ut
414 2265 521 2328 omnia
554 2265 697 2349 penitus,
734 2285 816 2348 quae
844 2284 929 2327 nunc
956 2260 1053 2342 fiunt,
1078 2262 1167 2326 uelut

99 2353 188 2417 nulla
219 2354 373 2418 memoria
406 2351 504 2436 digna
536 2353 661 2416 silentio
692 2360 789 2436 atque
812 2352 964 2417 obliuioni
987 2350 1166 2434 tradantur,

99 2444 270 2529 potiusque
286 2443 395 2524 uelint,
413 2464 522 2506 amore
539 2441 758 2505 diuturnitatis
782 2441 899 2524 inlecti,
925 2441 1061 2505 aliorum
1077 2462 1168 2527 prae·

97 2532 187 2596 clara
219 2532 306 2596 facta
337 2531 623 2616 qualibuscumque
656 2531 782 2617 scriptis
812 2532 952 2595 inserere
989 2552 1085 2615 quam
1118 2529 1168 2593 sui

100 2622 238 2685 nominis
262 2621 382 2684 famam
406 2621 603 2707 posteritatis
626 2620 801 2684 memoriae
816 2619 895 2683 nihil
911 2619 1080 2684 scribendo
1097 2618 1169 2682 sub-

100 2708 239 2792 trahere,
264 2721 372 2774 tamen
395 2710 436 2773 ab
460 2708 680 2773 huiuscemodi
703 2708 876 2794 scriptione
899 2731 962 2773 non
986 2709 1170 2773 existimaui

100 2797 361 2885 temperandum
399 2797 526 2883 quando
556 2797 634 2862 mihi
667 2799 811 2861 conscius
845 2819 948 2879 eram,
977 2797 1100 2862 nullum
1130 2818 1170 2861 ea

101 2891 248 2952 ueracius
282 2910 378 2973 quam
411 2909 463 2952 me
495 2887 634 2952 scribere
667 2909 776 2973 posse,
809 2887 923 2971 quibus
946 2888 1015 2973 ipse
1037 2885 1169 2950 interfui

102 2999 248 3063 quaeque
280 2998 433 3063 praesens
465 2977 609 3060 oculata,
643 2986 678 3039 ut
710 2975 833 3056 dicunt,
866 2973 929 3040 fide
962 2976 1099 3061 cognoui
1126 2983 1168 3058 et,

101 3075 209 3129 utrum
226 3066 267 3130 ab
283 3065 345 3131 alio
362 3065 577 3130 scriberentur
593 3087 706 3149 necne,
731 3064 851 3150 liquido
876 3065 957 3128 scire
980 3088 1045 3129 non
1068 3064 1168 3150 potui.

100 3151 275 3241 Satiusque
310 3155 452 3220 iudicaui
485 3154 597 3220 eadem
632 3176 704 3218 cum
738 3154 808 3218 aliis
841 3153 928 3217 uelut
958 3156 1170 3218 communiter

102 3244 217 3309 litteris
240 3243 393 3309 mandata
416 3245 590 3310 memoriae
613 3253 815 3331 posterorum
838 3241 980 3325 tradere,
1006 3265 1102 3328 quam
1119 3264 1169 3306 re·

99 3335 152 3418 gis
174 3333 434 3399 excellentissimi
450 3344 483 3397 et
499 3335 642 3398 omnium
666 3354 723 3396 sua
745 3342 853 3397 aetate
876 3331 1010 3396 maximi
1033 3331 1169 3396 clarissi-

102 3445 190 3486 mam
213 3425 315 3487 uitam
339 3435 371 3488 et
395 3423 546 3508 egregios
569 3432 667 3507 atque
690 3421 833 3485 moderni
856 3423 1011 3507 temporis
1035 3420 1170 3484 homini·

101 3511 163 3576 bus
190 3513 246 3576 uix
274 3512 447 3578 imitabiles
475 3521 566 3576 actus
589 3511 657 3596 pati
632 3509 849 3574 tobliuionis
872 3510 1014 3574 tenebris
1039 3509 1169 3574 aboleri

193 3598 333 3667 Suberat
357 3611 388 3666 et
412 3602 476 3667 alia
499 3623 563 3665 non
585 3599 1039 3685 inrationabilis,11tutopinor‚
1064 3620 1208 3723 causa‚=5

105 3710 186 3773 quae
209 3691 262 3756 uel
289 3692 358 3756 sola
381 3689 530 3756 sufficere
553 3697 677 3775 posset,
701 3699 737 3752 ut
759 3711 812 3753 me
836 3688 980 3754 adhaec
1004 3678 1208 3754 scribenda
1226 3735 1228 3739 «

102 3780 313 3871 conpelleret,
345 3782 580 3845 nutrimentum
610 3776 800 3843 uidelicet
791 3800 823 3842 ιιι
852 3801 905 3843 me
935 3779 1117 3864 impensum
1140 3787 1174 3842 et
1207 3770 1224 3880 Ἰ

196 3886 308 3926 Elnhsrdl
322 3890 372 3926 ulta
386 3887 466 3927 Karon
482 3885 512 3926 M.
998 3869 1012 3922 Ῑ
