<?xml version="1.0" encoding="UTF-8"?>
<!DOCTYPE html PUBLIC "-//W3C//DTD XHTML 1.0 Transitional//EN"
    "http://www.w3.org/TR/xhtml1/DTD/xhtml1-transitional.dtd">
<html xmlns="http://www.w3.org/1999/xhtml" xml:lang="en" lang="en">
 <head>
  <title>
</title>
<meta http-equiv="Content-Type" content="text/html;charset=utf-8" />
  <meta name='ocr-system' content='tesseract 3.04.00' />
  <meta name='ocr-capabilities' content='ocr_page ocr_carea ocr_par ocr_line ocrx_word'/>
</head>
<body>
  <div class='ocr_page' id='page_1' title='image "./einhardivitakar00einhgoog_0030.png"; bbox 0 0 2596 4246; ppageno 0'>
   <div class='ocr_carea' id='block_1_1' title="bbox 540 147 756 249">
    <p class='ocr_par' dir='ltr' id='par_1_1' title="bbox 540 147 756 249">
     <span class='ocr_line' id='line_1_1' title="bbox 540 147 756 249; baseline 0.005 -40"><span class='ocrx_word' id='word_1_1' title='bbox 540 147 756 249; x_wconf 49' lang='lat'><strong>—235-</strong></span> 
     </span>
    </p>
   </div>
   <div class='ocr_carea' id='block_1_2' title="bbox 106 320 1222 1832">
    <p class='ocr_par' dir='ltr' id='par_1_2' title="bbox 106 320 1180 834">
     <span class='ocr_line' id='line_1_2' title="bbox 110 320 1180 409; baseline -0.001 -20"><span class='ocrx_word' id='word_1_2' title='bbox 110 325 229 409; x_wconf 89' lang='lat' dir='ltr'>illoque</span> <span class='ocrx_word' id='word_1_3' title='bbox 253 323 356 387; x_wconf 87' lang='lat' dir='ltr'>adhuc</span> <span class='ocrx_word' id='word_1_4' title='bbox 379 320 519 387; x_wconf 90' lang='lat' dir='ltr'>inediam</span> <span class='ocrx_word' id='word_1_5' title='bbox 541 323 701 388; x_wconf 80' lang='lat' dir='ltr'>retinente</span> <span class='ocrx_word' id='word_1_6' title='bbox 717 343 821 408; x_wconf 89' lang='lat' dir='ltr'>neque</span> <span class='ocrx_word' id='word_1_7' title='bbox 837 343 953 407; x_wconf 90' lang='lat' dir='ltr'>corpus</span> <span class='ocrx_word' id='word_1_8' title='bbox 970 324 1062 388; x_wconf 88' lang='lat' dir='ltr'>aliter</span> <span class='ocrx_word' id='word_1_9' title='bbox 1083 345 1180 409; x_wconf 90' lang='lat' dir='ltr'>quam</span> 
     </span>
     <span class='ocr_line' id='line_1_3' title="bbox 113 411 1180 498; baseline -0.001 -22"><span class='ocrx_word' id='word_1_10' title='bbox 113 412 277 477; x_wconf 87' lang='lat' dir='ltr'>rarissimo</span> <span class='ocrx_word' id='word_1_11' title='bbox 308 422 386 498; x_wconf 89' lang='lat' dir='ltr'>potu</span> <span class='ocrx_word' id='word_1_12' title='bbox 418 420 631 494; x_wconf 82' lang='lat' dir='ltr'>sustentante,</span> <span class='ocrx_word' id='word_1_13' title='bbox 665 413 801 498; x_wconf 91' lang='lat' dir='ltr'>septimo</span> <span class='ocrx_word' id='word_1_14' title='bbox 834 422 1003 497; x_wconf 88' lang='lat' dir='ltr'>postquam</span> <span class='ocrx_word' id='word_1_15' title='bbox 1028 411 1180 477; x_wconf 83' lang='lat' dir='ltr'>decubuit</span> 
     </span>
     <span class='ocr_line' id='line_1_4' title="bbox 112 499 1178 587; baseline 0 -23"><span class='ocrx_word' id='word_1_16' title='bbox 112 500 180 585; x_wconf 90' lang='lat' dir='ltr'>die,</span> <span class='ocrx_word' id='word_1_17' title='bbox 204 523 296 566; x_wconf 87' lang='lat' dir='ltr'>sacra</span> <span class='ocrx_word' id='word_1_18' title='bbox 319 502 540 565; x_wconf 90' lang='lat' dir='ltr'>communione</span> <span class='ocrx_word' id='word_1_19' title='bbox 571 511 742 587; x_wconf 90' lang='lat' dir='ltr'>percepta,</span> <span class='ocrx_word' id='word_1_20' title='bbox 777 499 915 565; x_wconf 82' lang='lat' dir='ltr'>decessit</span> <span class='ocrx_word' id='word_1_21' title='bbox 946 523 1029 566; x_wconf 87' lang='lat' dir='ltr'>anno</span> <span class='ocrx_word' id='word_1_22' title='bbox 1064 502 1178 565; x_wconf 85' lang='lat' dir='ltr'>aetatis</span> 
     </span>
     <span class='ocr_line' id='line_1_5' title="bbox 109 588 1180 677; baseline 0.004 -27"><span class='ocrx_word' id='word_1_23' title='bbox 109 612 191 655; x_wconf 40' lang='lat' dir='ltr'>rsuae</span> <span class='ocrx_word' id='word_1_24' title='bbox 221 589 459 676; x_wconf 88' lang='lat' dir='ltr'>septuagesimo</span> <span class='ocrx_word' id='word_1_25' title='bbox 487 588 624 653; x_wconf 90' lang='lat' dir='ltr'>secundo</span> <span class='ocrx_word' id='word_1_26' title='bbox 650 598 745 654; x_wconf 88' lang='lat' dir='ltr'>etex</span> <span class='ocrx_word' id='word_1_27' title='bbox 770 611 832 675; x_wconf 93' lang='lat' dir='ltr'>quo</span> <span class='ocrx_word' id='word_1_28' title='bbox 861 610 998 673; x_wconf 88' lang='lat' dir='ltr'>regnare</span> <span class='ocrx_word' id='word_1_29' title='bbox 1030 599 1180 677; x_wconf 87' lang='lat' dir='ltr'>coeperat</span> 
     </span>
     <span class='ocr_line' id='line_1_6' title="bbox 106 677 1180 766; baseline -0.002 -22"><span class='ocrx_word' id='word_1_30' title='bbox 106 680 359 766; x_wconf 78' lang='lat' dir='ltr'>quadragesimo</span> <span class='ocrx_word' id='word_1_31' title='bbox 383 680 529 764; x_wconf 88' lang='lat' dir='ltr'>septimo,</span> <span class='ocrx_word' id='word_1_32' title='bbox 554 679 592 743; x_wconf 89' lang='lat' dir='ltr'>V.</span> <span class='ocrx_word' id='word_1_33' title='bbox 619 677 783 744; x_wconf 85' lang='lat' dir='ltr'>Kalendas</span> <span class='ocrx_word' id='word_1_34' title='bbox 806 678 989 762; x_wconf 81' lang='lat' dir='ltr'>Februarii,</span> <span class='ocrx_word' id='word_1_35' title='bbox 1014 677 1092 743; x_wconf 87' lang='lat' dir='ltr'>hora</span> <span class='ocrx_word' id='word_1_36' title='bbox 1115 679 1180 744; x_wconf 92' lang='lat' dir='ltr'>diei</span> 
     </span>
     <span class='ocr_line' id='line_1_7' title="bbox 115 769 1162 834; baseline 0 -1"><span class='ocrx_word' id='word_1_37' title='bbox 115 769 221 834; x_wconf 87' lang='lat' dir='ltr'>tertia.</span> <span class='ocrx_word' id='word_1_38' title='bbox 1160 829 1162 833; x_wconf 86' lang='grc'><em>,</em></span> 
     </span>
    </p>

    <p class='ocr_par' dir='ltr' id='par_1_3' title="bbox 107 855 1222 1832">
     <span class='ocr_line' id='line_1_8' title="bbox 203 855 1182 942; baseline 0 -21"><span class='ocrx_word' id='word_1_39' title='bbox 203 858 255 922; x_wconf 87' lang='grc'>31.</span> <span class='ocrx_word' id='word_1_40' title='bbox 303 855 427 942; x_wconf 79' lang='lat' dir='ltr'>Corpus</span> <span class='ocrx_word' id='word_1_41' title='bbox 456 878 546 920; x_wconf 90' lang='lat' dir='ltr'>more</span> <span class='ocrx_word' id='word_1_42' title='bbox 581 856 748 942; x_wconf 88' lang='lat' dir='ltr'>sollempni</span> <span class='ocrx_word' id='word_1_43' title='bbox 778 857 880 920; x_wconf 90' lang='lat' dir='ltr'>lotum</span> <span class='ocrx_word' id='word_1_44' title='bbox 913 864 945 919; x_wconf 92' lang='lat' dir='ltr'>et</span> <span class='ocrx_word' id='word_1_45' title='bbox 968 865 1114 921; x_wconf 92' lang='lat' dir='ltr'>curatum</span> <span class='ocrx_word' id='word_1_46' title='bbox 1149 865 1182 921; x_wconf 91' lang='lat' dir='ltr'>et</span> 
     </span>
     <span class='ocr_line' id='line_1_9' title="bbox 114 944 1180 1032; baseline -0.001 -22"><span class='ocrx_word' id='word_1_47' title='bbox 114 948 255 1010; x_wconf 88' lang='lat' dir='ltr'>maximo</span> <span class='ocrx_word' id='word_1_48' title='bbox 278 947 376 1010; x_wconf 88' lang='lat' dir='ltr'>totius</span> <span class='ocrx_word' id='word_1_49' title='bbox 399 945 508 1032; x_wconf 90' lang='lat' dir='ltr'>populi</span> <span class='ocrx_word' id='word_1_50' title='bbox 531 946 618 1009; x_wconf 91' lang='lat' dir='ltr'>luctu</span> <span class='ocrx_word' id='word_1_51' title='bbox 636 945 790 1010; x_wconf 86' lang='lat' dir='ltr'>ecclesiae</span> <span class='ocrx_word' id='word_1_52' title='bbox 806 944 939 1010; x_wconf 91' lang='lat' dir='ltr'>inlatum</span> <span class='ocrx_word' id='word_1_53' title='bbox 956 954 1055 1030; x_wconf 88' lang='lat' dir='ltr'>atque</span> <span class='ocrx_word' id='word_1_54' title='bbox 1070 945 1180 1009; x_wconf 86' lang='lat' dir='ltr'>huma·</span> 
     </span>
     <span class='ocr_line' id='line_1_10' title="bbox 108 1033 1180 1120; baseline -0.002 -20"><span class='ocrx_word' id='word_1_55' title='bbox 108 1044 183 1100; x_wconf 87' lang='lat' dir='ltr'>tum</span> <span class='ocrx_word' id='word_1_56' title='bbox 208 1045 266 1100; x_wconf 91' lang='lat' dir='ltr'>est.</span> <span class='ocrx_word' id='word_1_57' title='bbox 313 1033 504 1099; x_wconf 91' lang='lat' dir='ltr'>Dubitatum</span> <span class='ocrx_word' id='word_1_58' title='bbox 530 1043 579 1099; x_wconf 91' lang='lat' dir='ltr'>est</span> <span class='ocrx_word' id='word_1_59' title='bbox 601 1035 721 1120; x_wconf 91' lang='lat' dir='ltr'>primo,</span> <span class='ocrx_word' id='word_1_60' title='bbox 752 1035 808 1098; x_wconf 92' lang='lat' dir='ltr'>uhi</span> <span class='ocrx_word' id='word_1_61' title='bbox 834 1034 945 1120; x_wconf 92' lang='lat' dir='ltr'>reponi</span> <span class='ocrx_word' id='word_1_62' title='bbox 968 1033 1117 1118; x_wconf 87' lang='lat' dir='ltr'>deberet,</span> <span class='ocrx_word' id='word_1_63' title='bbox 1143 1056 1180 1098; x_wconf 95' lang='lat' dir='ltr'>eo</span> 
     </span>
     <span class='ocr_line' id='line_1_11' title="bbox 109 1122 1181 1210; baseline -0.001 -22"><span class='ocrx_word' id='word_1_64' title='bbox 109 1124 201 1210; x_wconf 69' lang='lat' dir='ltr'>»quod</span> <span class='ocrx_word' id='word_1_65' title='bbox 231 1125 301 1210; x_wconf 86' lang='lat' dir='ltr'>ipse</span> <span class='ocrx_word' id='word_1_66' title='bbox 339 1125 430 1188; x_wconf 93' lang='lat' dir='ltr'>uiuus</span> <span class='ocrx_word' id='word_1_67' title='bbox 470 1122 509 1188; x_wconf 93' lang='lat' dir='ltr'>de</span> <span class='ocrx_word' id='word_1_68' title='bbox 544 1122 604 1187; x_wconf 93' lang='lat' dir='ltr'>hoc</span> <span class='ocrx_word' id='word_1_69' title='bbox 643 1122 722 1188; x_wconf 93' lang='lat' dir='ltr'>nihil</span> <span class='ocrx_word' id='word_1_70' title='bbox 756 1125 983 1210; x_wconf 81' lang='lat' dir='ltr'>praecepisset.</span> <span class='ocrx_word' id='word_1_71' title='bbox 1033 1122 1181 1188; x_wconf 85' lang='lat' dir='ltr'>Tandem</span> 
     </span>
     <span class='ocr_line' id='line_1_12' title="bbox 110 1209 1183 1298; baseline -0.003 -21"><span class='ocrx_word' id='word_1_72' title='bbox 110 1214 257 1277; x_wconf 91' lang='lat' dir='ltr'>omnium</span> <span class='ocrx_word' id='word_1_73' title='bbox 279 1214 393 1277; x_wconf 91' lang='lat' dir='ltr'>animis</span> <span class='ocrx_word' id='word_1_74' title='bbox 423 1209 521 1296; x_wconf 90' lang='lat' dir='ltr'>sedit,</span> <span class='ocrx_word' id='word_1_75' title='bbox 556 1233 714 1298; x_wconf 84' lang='lat' dir='ltr'>nusquam</span> <span class='ocrx_word' id='word_1_76' title='bbox 747 1235 819 1276; x_wconf 90' lang='lat' dir='ltr'>eum</span> <span class='ocrx_word' id='word_1_77' title='bbox 843 1210 1007 1277; x_wconf 88' lang='lat' dir='ltr'>honestius</span> <span class='ocrx_word' id='word_1_78' title='bbox 1030 1212 1183 1277; x_wconf 90' lang='lat' dir='ltr'>tumulari</span> 
     </span>
     <span class='ocr_line' id='line_1_13' title="bbox 112 1300 1182 1389; baseline -0.002 -23"><span class='ocrx_word' id='word_1_79' title='bbox 112 1324 207 1389; x_wconf 89' lang='lat' dir='ltr'>posse</span> <span class='ocrx_word' id='word_1_80' title='bbox 238 1323 334 1387; x_wconf 91' lang='lat' dir='ltr'>quam</span> <span class='ocrx_word' id='word_1_81' title='bbox 369 1303 401 1365; x_wconf 90' lang='lat' dir='ltr'>in</span> <span class='ocrx_word' id='word_1_82' title='bbox 425 1323 462 1365; x_wconf 93' lang='lat' dir='ltr'>ea</span> <span class='ocrx_word' id='word_1_83' title='bbox 485 1300 633 1384; x_wconf 88' lang='lat' dir='ltr'>basilica,</span> <span class='ocrx_word' id='word_1_84' title='bbox 668 1322 764 1386; x_wconf 87' lang='lat' dir='ltr'>quam</span> <span class='ocrx_word' id='word_1_85' title='bbox 793 1302 862 1388; x_wconf 90' lang='lat' dir='ltr'>ipse</span> <span class='ocrx_word' id='word_1_86' title='bbox 885 1311 1017 1387; x_wconf 91' lang='lat' dir='ltr'>propter</span> <span class='ocrx_word' id='word_1_87' title='bbox 1041 1323 1182 1366; x_wconf 91' lang='lat' dir='ltr'>amorem</span> 
     </span>
     <span class='ocr_line' id='line_1_14' title="bbox 114 1388 1183 1456; baseline -0.001 -1"><span class='ocrx_word' id='word_1_88' title='bbox 114 1390 165 1456; x_wconf 91' lang='lat' dir='ltr'>dei</span> <span class='ocrx_word' id='word_1_89' title='bbox 189 1402 221 1456; x_wconf 91' lang='lat' dir='ltr'>et</span> <span class='ocrx_word' id='word_1_90' title='bbox 244 1390 363 1455; x_wconf 92' lang='lat' dir='ltr'>domini</span> <span class='ocrx_word' id='word_1_91' title='bbox 386 1391 488 1454; x_wconf 89' lang='lat' dir='ltr'>nostri</span> <span class='ocrx_word' id='word_1_92' title='bbox 503 1389 600 1455; x_wconf 92' lang='lat' dir='ltr'>Ihesu</span> <span class='ocrx_word' id='word_1_93' title='bbox 616 1388 736 1455; x_wconf 80' lang='lat' dir='ltr'>Christi</span> <span class='ocrx_word' id='word_1_94' title='bbox 757 1397 789 1454; x_wconf 89' lang='lat' dir='ltr'>et</span> <span class='ocrx_word' id='word_1_95' title='bbox 811 1389 850 1454; x_wconf 95' lang='lat' dir='ltr'>ob</span> <span class='ocrx_word' id='word_1_96' title='bbox 874 1391 1028 1455; x_wconf 89' lang='lat' dir='ltr'>honorem</span> <span class='ocrx_word' id='word_1_97' title='bbox 1052 1398 1183 1456; x_wconf 87' lang='lat' dir='ltr'>sanctae</span> 
     </span>
     <span class='ocr_line' id='line_1_15' title="bbox 110 1480 1222 1566; baseline -0.002 -21"><span class='ocrx_word' id='word_1_98' title='bbox 110 1489 147 1545; x_wconf 89' lang='lat' dir='ltr'>et</span> <span class='ocrx_word' id='word_1_99' title='bbox 171 1489 320 1546; x_wconf 88' lang='lat' dir='ltr'>aeternae</span> <span class='ocrx_word' id='word_1_100' title='bbox 341 1480 477 1565; x_wconf 88' lang='lat' dir='ltr'>uirginis</span> <span class='ocrx_word' id='word_1_101' title='bbox 500 1481 670 1564; x_wconf 86' lang='lat' dir='ltr'>genetricis</span> <span class='ocrx_word' id='word_1_102' title='bbox 694 1481 763 1543; x_wconf 90' lang='lat' dir='ltr'>eius</span> <span class='ocrx_word' id='word_1_103' title='bbox 782 1480 912 1566; x_wconf 89' lang='lat' dir='ltr'>proprio</span> <span class='ocrx_word' id='word_1_104' title='bbox 936 1489 1064 1566; x_wconf 89' lang='lat' dir='ltr'>sumptu</span> <span class='ocrx_word' id='word_1_105' title='bbox 1080 1481 1114 1543; x_wconf 93' lang='lat' dir='ltr'>in</span> <span class='ocrx_word' id='word_1_106' title='bbox 1129 1501 1180 1544; x_wconf 93' lang='lat' dir='ltr'>eo·</span> <span class='ocrx_word' id='word_1_107' title='bbox 1220 1530 1222 1535; x_wconf 92' lang='lat'>.</span> 
     </span>
     <span class='ocr_line' id='line_1_16' title="bbox 115 1566 1183 1655; baseline 0 -23"><span class='ocrx_word' id='word_1_108' title='bbox 115 1566 188 1634; x_wconf 90' lang='lat' dir='ltr'>dem</span> <span class='ocrx_word' id='word_1_109' title='bbox 208 1572 280 1633; x_wconf 92' lang='lat' dir='ltr'>uico</span> <span class='ocrx_word' id='word_1_110' title='bbox 301 1569 488 1633; x_wconf 84' lang='lat' dir='ltr'>construxit.</span> <span class='ocrx_word' id='word_1_111' title='bbox 527 1566 567 1632; x_wconf 93' lang='lat' dir='ltr'>In</span> <span class='ocrx_word' id='word_1_112' title='bbox 587 1567 647 1633; x_wconf 89' lang='lat' dir='ltr'>hac</span> <span class='ocrx_word' id='word_1_113' title='bbox 664 1567 806 1654; x_wconf 87' lang='lat' dir='ltr'>sepultus</span> <span class='ocrx_word' id='word_1_114' title='bbox 823 1577 872 1634; x_wconf 92' lang='lat' dir='ltr'>est</span> <span class='ocrx_word' id='word_1_115' title='bbox 896 1567 1009 1633; x_wconf 91' lang='lat' dir='ltr'>eadem</span> <span class='ocrx_word' id='word_1_116' title='bbox 1033 1567 1094 1650; x_wconf 90' lang='lat' dir='ltr'>die,</span> <span class='ocrx_word' id='word_1_117' title='bbox 1120 1589 1183 1655; x_wconf 88' lang='lat' dir='ltr'>qua</span> 
     </span>
     <span class='ocr_line' id='line_1_17' title="bbox 111 1655 1183 1744; baseline -0.002 -21"><span class='ocrx_word' id='word_1_118' title='bbox 111 1657 284 1724; x_wconf 87' lang='lat' dir='ltr'>defunctus</span> <span class='ocrx_word' id='word_1_119' title='bbox 310 1667 374 1741; x_wconf 90' lang='lat' dir='ltr'>est,</span> <span class='ocrx_word' id='word_1_120' title='bbox 409 1679 565 1744; x_wconf 88' lang='lat' dir='ltr'>arcusque</span> <span class='ocrx_word' id='word_1_121' title='bbox 592 1679 688 1744; x_wconf 88' lang='lat' dir='ltr'>supra</span> <span class='ocrx_word' id='word_1_122' title='bbox 716 1658 874 1722; x_wconf 91' lang='lat' dir='ltr'>tumulum</span> <span class='ocrx_word' id='word_1_123' title='bbox 903 1655 1074 1722; x_wconf 86' lang='lat' dir='ltr'>deauratus</span> <span class='ocrx_word' id='word_1_124' title='bbox 1110 1680 1183 1722; x_wconf 90' lang='lat' dir='ltr'>cum</span> 
     </span>
     <span class='ocr_line' id='line_1_18' title="bbox 107 1746 626 1832; baseline 0 -22"><span class='ocrx_word' id='word_1_125' title='bbox 107 1749 258 1832; x_wconf 63' lang='lat' dir='ltr'>,imagine</span> <span class='ocrx_word' id='word_1_126' title='bbox 282 1756 314 1811; x_wconf 84' lang='lat' dir='ltr'>et</span> <span class='ocrx_word' id='word_1_127' title='bbox 337 1746 435 1811; x_wconf 91' lang='lat' dir='ltr'>titulo</span> <span class='ocrx_word' id='word_1_128' title='bbox 453 1754 626 1810; x_wconf 85' lang='lat' dir='ltr'>extructus.</span> 
     </span>
    </p>
   </div>
   <div class='ocr_carea' id='block_1_3' title="bbox 111 1831 1185 2346">
    <p class='ocr_par' dir='ltr' id='par_1_4' title="bbox 111 1831 1185 2346">
     <span class='ocr_line' id='line_1_19' title="bbox 205 1831 1183 1922; baseline 0.002 -24"><span class='ocrx_word' id='word_1_129' title='bbox 205 1835 332 1900; x_wconf 86' lang='lat' dir='ltr'>Titulus</span> <span class='ocrx_word' id='word_1_130' title='bbox 364 1835 417 1900; x_wconf 92' lang='lat' dir='ltr'>ille</span> <span class='ocrx_word' id='word_1_131' title='bbox 453 1833 513 1900; x_wconf 93' lang='lat' dir='ltr'>hoc</span> <span class='ocrx_word' id='word_1_132' title='bbox 540 1834 636 1899; x_wconf 92' lang='lat' dir='ltr'>modo</span> <span class='ocrx_word' id='word_1_133' title='bbox 660 1832 840 1922; x_wconf 89' lang='lat' dir='ltr'>descriptus</span> <span class='ocrx_word' id='word_1_134' title='bbox 865 1845 930 1900; x_wconf 86' lang='lat' dir='ltr'>est:</span> <span class='ocrx_word' id='word_1_135' title='bbox 966 1832 1053 1901; x_wconf 82' lang='lat' dir='ltr'>SVB</span> <span class='ocrx_word' id='word_1_136' title='bbox 1089 1831 1183 1900; x_wconf 83' lang='lat' dir='ltr'>HOO</span> 
     </span>
     <span class='ocr_line' id='line_1_20' title="bbox 111 1920 1185 1991; baseline -0.001 -3"><span class='ocrx_word' id='word_1_137' title='bbox 111 1922 410 1991; x_wconf 77' lang='lat' dir='ltr'>vCONDITORIO</span> <span class='ocrx_word' id='word_1_138' title='bbox 460 1921 603 1989; x_wconf 79' lang='lat' dir='ltr'>SITVM</span> <span class='ocrx_word' id='word_1_139' title='bbox 653 1921 740 1988; x_wconf 82' lang='lat' dir='ltr'>EST</span> <span class='ocrx_word' id='word_1_140' title='bbox 786 1921 960 1989; x_wconf 80' lang='lat' dir='ltr'>OORPVS</span> <span class='ocrx_word' id='word_1_141' title='bbox 1006 1920 1185 1988; x_wconf 87' lang='lat' dir='ltr'>KAROLI</span> 
     </span>
     <span class='ocr_line' id='line_1_21' title="bbox 111 2008 1185 2092; baseline -0.002 -14"><span class='ocrx_word' id='word_1_142' title='bbox 111 2011 270 2080; x_wconf 82' lang='lat' dir='ltr'><strong>MAGNI</strong></span> <span class='ocrx_word' id='word_1_143' title='bbox 286 2010 443 2092; x_wconf 83' lang='lat' dir='ltr'>ATQVE</span> <span class='ocrx_word' id='word_1_144' title='bbox 459 2009 740 2079; x_wconf 87' lang='lat' dir='ltr'>ORTHODOXI</span> <span class='ocrx_word' id='word_1_145' title='bbox 754 2008 1078 2078; x_wconf 79' lang='lat' dir='ltr'>IMPERATORIS.</span> <span class='ocrx_word' id='word_1_146' title='bbox 1103 2009 1185 2091; x_wconf 83' lang='lat' dir='ltr'>QVI</span> 
     </span>
     <span class='ocr_line' id='line_1_22' title="bbox 116 2098 1182 2168; baseline 0 -2"><span class='ocrx_word' id='word_1_147' title='bbox 116 2100 312 2168; x_wconf 83' lang='lat' dir='ltr'>REGNVM</span> <span class='ocrx_word' id='word_1_148' title='bbox 335 2099 618 2167; x_wconf 79' lang='lat' dir='ltr'><strong>FRANCORVM</strong></span> <span class='ocrx_word' id='word_1_149' title='bbox 641 2099 894 2167; x_wconf 83' lang='lat' dir='ltr'>NOBILITER</span> <span class='ocrx_word' id='word_1_150' title='bbox 914 2098 1182 2166; x_wconf 84' lang='lat' dir='ltr'>AMPLIAVIT.</span> 
     </span>
     <span class='ocr_line' id='line_1_23' title="bbox 119 2187 1182 2256; baseline 0 -2"><span class='ocrx_word' id='word_1_151' title='bbox 119 2190 180 2256; x_wconf 81' lang='lat' dir='ltr'>ET</span> <span class='ocrx_word' id='word_1_152' title='bbox 226 2190 313 2255; x_wconf 87' lang='lat' dir='ltr'>PER</span> <span class='ocrx_word' id='word_1_153' title='bbox 358 2188 514 2256; x_wconf 84' lang='lat' dir='ltr'>ANNOS</span> <span class='ocrx_word' id='word_1_154' title='bbox 560 2188 693 2254; x_wconf 88' lang='lat' dir='ltr'>XLVII</span> <span class='ocrx_word' id='word_1_155' title='bbox 738 2188 983 2254; x_wconf 80' lang='lat' dir='ltr'>FELICITER</span> <span class='ocrx_word' id='word_1_156' title='bbox 1029 2187 1182 2254; x_wconf 85' lang='lat' dir='ltr'>REXIT.</span> 
     </span>
     <span class='ocr_line' id='line_1_24' title="bbox 114 2275 1185 2346; baseline -0.005 -1"><span class='ocrx_word' id='word_1_157' title='bbox 114 2277 339 2346; x_wconf 79' lang='lat' dir='ltr'>DECESSIT</span> <span class='ocrx_word' id='word_1_158' title='bbox 382 2275 797 2345; x_wconf 82' lang='lat' dir='ltr'>SEPTVAGENARIVS</span> <span class='ocrx_word' id='word_1_159' title='bbox 843 2276 972 2344; x_wconf 88' lang='lat' dir='ltr'>ANNO</span> <span class='ocrx_word' id='word_1_160' title='bbox 1013 2275 1185 2343; x_wconf 87' lang='lat' dir='ltr'>DOMINI</span> 
     </span>
    </p>
   </div>
   <div class='ocr_carea' id='block_1_4' title="bbox 114 2359 1183 2456">
    <p class='ocr_par' dir='ltr' id='par_1_5' title="bbox 114 2359 1183 2456">
     <span class='ocr_line' id='line_1_25' title="bbox 114 2359 1183 2456; baseline -0.002 -22"><span class='ocrx_word' id='word_1_161' title='bbox 114 2366 259 2456; x_wconf 76' lang='lat' dir='ltr'>[Doce.</span> <span class='ocrx_word' id='word_1_162' title='bbox 276 2365 399 2454; x_wconf 89' lang='lat' dir='ltr'>XIIII].</span> <span class='ocrx_word' id='word_1_163' title='bbox 435 2359 713 2433; x_wconf 84' lang='lat' dir='ltr'>INDICTIONE</span> <span class='ocrx_word' id='word_1_164' title='bbox 737 2365 834 2454; x_wconf 81' lang='lat' dir='ltr'>[V11].</span> <span class='ocrx_word' id='word_1_165' title='bbox 867 2367 908 2432; x_wconf 90' lang='lat' dir='ltr'>V.</span> <span class='ocrx_word' id='word_1_166' title='bbox 925 2365 1029 2433; x_wconf 70' lang='grc' dir='ltr'>ΚΑΒ.</span> <span class='ocrx_word' id='word_1_167' title='bbox 1054 2365 1183 2432; x_wconf 82' lang='lat' dir='ltr'>FEBR.</span> 
     </span>
    </p>
   </div>
   <div class='ocr_carea' id='block_1_5' title="bbox 106 2454 1185 3880">
    <p class='ocr_par' dir='ltr' id='par_1_6' title="bbox 106 2454 1185 3880">
     <span class='ocr_line' id='line_1_26' title="bbox 206 2454 1182 2543; baseline -0.003 -20"><span class='ocrx_word' id='word_1_168' title='bbox 206 2459 258 2523; x_wconf 83' lang='lat'>32.</span> <span class='ocrx_word' id='word_1_169' title='bbox 306 2455 602 2543; x_wconf 90' lang='lat' dir='ltr'>Adpropinquantis</span> <span class='ocrx_word' id='word_1_170' title='bbox 625 2454 697 2521; x_wconf 89' lang='lat' dir='ltr'>finis</span> <span class='ocrx_word' id='word_1_171' title='bbox 729 2457 882 2542; x_wconf 86' lang='lat' dir='ltr'>conplura</span> <span class='ocrx_word' id='word_1_172' title='bbox 909 2457 999 2520; x_wconf 82' lang='lat' dir='ltr'>fuere</span> <span class='ocrx_word' id='word_1_173' title='bbox 1023 2454 1182 2542; x_wconf 87' lang='lat' dir='ltr'>prodigia,</span> 
     </span>
     <span class='ocr_line' id='line_1_27' title="bbox 106 2544 1182 2631; baseline 0.001 -20"><span class='ocrx_word' id='word_1_174' title='bbox 106 2555 154 2623; x_wconf 15' lang='lat' dir='ltr'>*ut</span> <span class='ocrx_word' id='word_1_175' title='bbox 177 2569 240 2611; x_wconf 92' lang='lat' dir='ltr'>non</span> <span class='ocrx_word' id='word_1_176' title='bbox 264 2547 367 2610; x_wconf 91' lang='lat' dir='ltr'>solum</span> <span class='ocrx_word' id='word_1_177' title='bbox 390 2545 457 2628; x_wconf 89' lang='lat' dir='ltr'>alii,</span> <span class='ocrx_word' id='word_1_178' title='bbox 492 2544 547 2610; x_wconf 92' lang='lat' dir='ltr'>sed</span> <span class='ocrx_word' id='word_1_179' title='bbox 572 2546 669 2611; x_wconf 90' lang='lat' dir='ltr'>etiam</span> <span class='ocrx_word' id='word_1_180' title='bbox 692 2547 761 2631; x_wconf 90' lang='lat' dir='ltr'>ipse</span> <span class='ocrx_word' id='word_1_181' title='bbox 785 2545 846 2611; x_wconf 93' lang='lat' dir='ltr'>hoc</span> <span class='ocrx_word' id='word_1_182' title='bbox 874 2546 1016 2610; x_wconf 88' lang='lat' dir='ltr'>minitari</span> <span class='ocrx_word' id='word_1_183' title='bbox 1040 2545 1182 2613; x_wconf 87' lang='lat' dir='ltr'>sentiret.</span> 
     </span>
     <span class='ocr_line' id='line_1_28' title="bbox 118 2636 1184 2721; baseline -0.002 -21"><span class='ocrx_word' id='word_1_184' title='bbox 118 2636 182 2701; x_wconf 88' lang='lat' dir='ltr'>Per</span> <span class='ocrx_word' id='word_1_185' title='bbox 204 2645 270 2701; x_wconf 88' lang='lat' dir='ltr'>tres</span> <span class='ocrx_word' id='word_1_186' title='bbox 294 2636 462 2699; x_wconf 85' lang='lat' dir='ltr'>continuos</span> <span class='ocrx_word' id='word_1_187' title='bbox 489 2636 641 2721; x_wconf 87' lang='lat' dir='ltr'>uitaeque</span> <span class='ocrx_word' id='word_1_188' title='bbox 671 2636 808 2700; x_wconf 90' lang='lat' dir='ltr'>termino</span> <span class='ocrx_word' id='word_1_189' title='bbox 841 2638 1004 2720; x_wconf 87' lang='lat' dir='ltr'>proximos</span> <span class='ocrx_word' id='word_1_190' title='bbox 1028 2656 1128 2700; x_wconf 88' lang='lat' dir='ltr'>annos</span> <span class='ocrx_word' id='word_1_191' title='bbox 1152 2643 1184 2699; x_wconf 90' lang='lat' dir='ltr'>et</span> 
     </span>
     <span class='ocr_line' id='line_1_29' title="bbox 117 2721 1185 2790; baseline -0.003 0"><span class='ocrx_word' id='word_1_192' title='bbox 117 2724 193 2790; x_wconf 81' lang='lat' dir='ltr'>solis</span> <span class='ocrx_word' id='word_1_193' title='bbox 226 2733 257 2790; x_wconf 91' lang='lat' dir='ltr'>et</span> <span class='ocrx_word' id='word_1_194' title='bbox 289 2725 385 2789; x_wconf 88' lang='lat' dir='ltr'>lunae</span> <span class='ocrx_word' id='word_1_195' title='bbox 419 2723 615 2789; x_wconf 90' lang='lat' dir='ltr'>creberrima</span> <span class='ocrx_word' id='word_1_196' title='bbox 650 2721 787 2788; x_wconf 86' lang='lat' dir='ltr'>defectio</span> <span class='ocrx_word' id='word_1_197' title='bbox 827 2733 859 2789; x_wconf 91' lang='lat' dir='ltr'>et</span> <span class='ocrx_word' id='word_1_198' title='bbox 893 2725 925 2787; x_wconf 92' lang='lat' dir='ltr'>in</span> <span class='ocrx_word' id='word_1_199' title='bbox 959 2723 1026 2788; x_wconf 90' lang='lat' dir='ltr'>sole</span> <span class='ocrx_word' id='word_1_200' title='bbox 1060 2723 1185 2787; x_wconf 90' lang='lat' dir='ltr'>macula</span> 
     </span>
     <span class='ocr_line' id='line_1_30' title="bbox 111 2809 1182 2900; baseline 0 -23"><span class='ocrx_word' id='word_1_201' title='bbox 111 2809 277 2900; x_wconf 75' lang='lat' dir='ltr'>quaedam</span> <span class='ocrx_word' id='word_1_202' title='bbox 300 2815 363 2878; x_wconf 88' lang='lat' dir='ltr'>atri</span> <span class='ocrx_word' id='word_1_203' title='bbox 378 2812 491 2878; x_wconf 92' lang='lat' dir='ltr'>coloris</span> <span class='ocrx_word' id='word_1_204' title='bbox 508 2821 631 2899; x_wconf 87' lang='lat' dir='ltr'>septem</span> <span class='ocrx_word' id='word_1_205' title='bbox 647 2811 771 2878; x_wconf 90' lang='lat' dir='ltr'>dierum</span> <span class='ocrx_word' id='word_1_206' title='bbox 788 2814 892 2900; x_wconf 87' lang='lat' dir='ltr'>spatio</span> <span class='ocrx_word' id='word_1_207' title='bbox 908 2814 987 2880; x_wconf 86' lang='lat' dir='ltr'>uisa.</span> <span class='ocrx_word' id='word_1_208' title='bbox 1024 2812 1182 2895; x_wconf 86' lang='lat' dir='ltr'>Porticus,</span> 
     </span>
     <span class='ocr_line' id='line_1_31' title="bbox 114 2902 1182 2990; baseline -0.004 -22"><span class='ocrx_word' id='word_1_209' title='bbox 114 2925 216 2990; x_wconf 88' lang='lat' dir='ltr'>quam</span> <span class='ocrx_word' id='word_1_210' title='bbox 248 2903 331 2968; x_wconf 93' lang='lat' dir='ltr'>inter</span> <span class='ocrx_word' id='word_1_211' title='bbox 361 2902 526 2967; x_wconf 89' lang='lat' dir='ltr'>basilicam</span> <span class='ocrx_word' id='word_1_212' title='bbox 557 2911 590 2968; x_wconf 91' lang='lat' dir='ltr'>et</span> <span class='ocrx_word' id='word_1_213' title='bbox 620 2904 744 2987; x_wconf 89' lang='lat' dir='ltr'>regiam</span> <span class='ocrx_word' id='word_1_214' title='bbox 775 2923 909 2989; x_wconf 90' lang='lat' dir='ltr'>operosa</span> <span class='ocrx_word' id='word_1_215' title='bbox 931 2903 1016 2966; x_wconf 93' lang='lat' dir='ltr'>mole</span> <span class='ocrx_word' id='word_1_216' title='bbox 1040 2910 1182 2966; x_wconf 90' lang='lat' dir='ltr'>constru-</span> 
     </span>
     <span class='ocr_line' id='line_1_32' title="bbox 112 2988 1183 3077; baseline -0.001 -22"><span class='ocrx_word' id='word_1_217' title='bbox 112 3000 227 3076; x_wconf 78' lang='lat' dir='ltr'>xerat,</span> <span class='ocrx_word' id='word_1_218' title='bbox 250 2990 300 3056; x_wconf 90' lang='lat' dir='ltr'>die</span> <span class='ocrx_word' id='word_1_219' title='bbox 323 2993 516 3056; x_wconf 88' lang='lat' dir='ltr'>ascensionis</span> <span class='ocrx_word' id='word_1_220' title='bbox 536 2988 657 3056; x_wconf 92' lang='lat' dir='ltr'>domini</span> <span class='ocrx_word' id='word_1_221' title='bbox 680 2990 787 3055; x_wconf 87' lang='lat' dir='ltr'>subita</span> <span class='ocrx_word' id='word_1_222' title='bbox 810 2992 902 3055; x_wconf 90' lang='lat' dir='ltr'>ruina</span> <span class='ocrx_word' id='word_1_223' title='bbox 924 3011 1025 3077; x_wconf 90' lang='lat' dir='ltr'>usque</span> <span class='ocrx_word' id='word_1_224' title='bbox 1049 2988 1091 3055; x_wconf 89' lang='lat' dir='ltr'>ad</span> <span class='ocrx_word' id='word_1_225' title='bbox 1113 2990 1183 3054; x_wconf 83' lang='lat' dir='ltr'>fun-</span> 
     </span>
     <span class='ocr_line' id='line_1_33' title="bbox 118 3077 1184 3166; baseline -0.003 -20"><span class='ocrx_word' id='word_1_226' title='bbox 118 3080 270 3146; x_wconf 87' lang='lat' dir='ltr'>damenta</span> <span class='ocrx_word' id='word_1_227' title='bbox 293 3079 453 3166; x_wconf 87' lang='lat' dir='ltr'>conlapsa.</span> <span class='ocrx_word' id='word_1_228' title='bbox 500 3079 584 3145; x_wconf 88' lang='lat' dir='ltr'>Item</span> <span class='ocrx_word' id='word_1_229' title='bbox 608 3100 688 3166; x_wconf 93' lang='lat' dir='ltr'>pons</span> <span class='ocrx_word' id='word_1_230' title='bbox 704 3078 808 3145; x_wconf 88' lang='lat' dir='ltr'>Rheni</span> <span class='ocrx_word' id='word_1_231' title='bbox 828 3077 914 3166; x_wconf 88' lang='lat' dir='ltr'>apud</span> <span class='ocrx_word' id='word_1_232' title='bbox 929 3078 1184 3165; x_wconf 83' lang='lat' dir='ltr'>Mogontiacum,</span> 
     </span>
     <span class='ocr_line' id='line_1_34' title="bbox 111 3167 1182 3257; baseline -0.003 -22"><span class='ocrx_word' id='word_1_233' title='bbox 111 3192 214 3257; x_wconf 82' lang='lat' dir='ltr'>quem</span> <span class='ocrx_word' id='word_1_234' title='bbox 230 3171 299 3256; x_wconf 88' lang='lat' dir='ltr'>ipse</span> <span class='ocrx_word' id='word_1_235' title='bbox 313 3191 371 3257; x_wconf 90' lang='lat' dir='ltr'>per</span> <span class='ocrx_word' id='word_1_236' title='bbox 386 3167 498 3234; x_wconf 89' lang='lat' dir='ltr'>decem</span> <span class='ocrx_word' id='word_1_237' title='bbox 518 3191 618 3234; x_wconf 88' lang='lat' dir='ltr'>annos</span> <span class='ocrx_word' id='word_1_238' title='bbox 638 3169 762 3255; x_wconf 79' lang='lat' dir='ltr'>ingenti</span> <span class='ocrx_word' id='word_1_239' title='bbox 783 3168 893 3234; x_wconf 87' lang='lat' dir='ltr'>labore</span> <span class='ocrx_word' id='word_1_240' title='bbox 918 3179 950 3234; x_wconf 92' lang='lat' dir='ltr'>et</span> <span class='ocrx_word' id='word_1_241' title='bbox 966 3190 1063 3255; x_wconf 91' lang='lat' dir='ltr'>opere</span> <span class='ocrx_word' id='word_1_242' title='bbox 1087 3169 1182 3233; x_wconf 88' lang='lat' dir='ltr'>mira-</span> 
     </span>
     <span class='ocr_line' id='line_1_35' title="bbox 115 3256 1185 3345; baseline -0.001 -22"><span class='ocrx_word' id='word_1_243' title='bbox 115 3259 176 3324; x_wconf 93' lang='lat' dir='ltr'>bili</span> <span class='ocrx_word' id='word_1_244' title='bbox 206 3257 245 3323; x_wconf 92' lang='lat' dir='ltr'>de</span> <span class='ocrx_word' id='word_1_245' title='bbox 272 3258 360 3344; x_wconf 91' lang='lat' dir='ltr'>ligno</span> <span class='ocrx_word' id='word_1_246' title='bbox 385 3259 430 3323; x_wconf 84' lang='lat' dir='ltr'>ita</span> <span class='ocrx_word' id='word_1_247' title='bbox 457 3260 654 3340; x_wconf 87' lang='lat' dir='ltr'>construxit,</span> <span class='ocrx_word' id='word_1_248' title='bbox 686 3267 722 3323; x_wconf 92' lang='lat' dir='ltr'>ut</span> <span class='ocrx_word' id='word_1_249' title='bbox 744 3261 929 3345; x_wconf 89' lang='lat' dir='ltr'>perenniter</span> <span class='ocrx_word' id='word_1_250' title='bbox 952 3256 1069 3323; x_wconf 89' lang='lat' dir='ltr'>durare</span> <span class='ocrx_word' id='word_1_251' title='bbox 1091 3279 1185 3344; x_wconf 85' lang='lat' dir='ltr'>posse</span> 
     </span>
     <span class='ocr_line' id='line_1_36' title="bbox 115 3345 1184 3431; baseline -0.001 -20"><span class='ocrx_word' id='word_1_252' title='bbox 115 3345 298 3429; x_wconf 85' lang='lat' dir='ltr'>uideretur,</span> <span class='ocrx_word' id='word_1_253' title='bbox 328 3349 373 3412; x_wconf 90' lang='lat' dir='ltr'>ita</span> <span class='ocrx_word' id='word_1_254' title='bbox 396 3347 497 3412; x_wconf 90' lang='lat' dir='ltr'>tribus</span> <span class='ocrx_word' id='word_1_255' title='bbox 520 3348 607 3412; x_wconf 90' lang='lat' dir='ltr'>horis</span> <span class='ocrx_word' id='word_1_256' title='bbox 630 3347 764 3413; x_wconf 85' lang='lat' dir='ltr'>fortuitu</span> <span class='ocrx_word' id='word_1_257' title='bbox 786 3346 933 3412; x_wconf 92' lang='lat' dir='ltr'>incendio</span> <span class='ocrx_word' id='word_1_258' title='bbox 961 3346 1184 3431; x_wconf 87' lang='lat' dir='ltr'>conflagrauit,</span> 
     </span>
     <span class='ocr_line' id='line_1_37' title="bbox 116 3434 1185 3523; baseline -0.001 -22"><span class='ocrx_word' id='word_1_259' title='bbox 116 3445 164 3515; x_wconf 90' lang='lat' dir='ltr'>ut,</span> <span class='ocrx_word' id='word_1_260' title='bbox 189 3446 316 3523; x_wconf 88' lang='lat' dir='ltr'>praeter</span> <span class='ocrx_word' id='word_1_261' title='bbox 340 3434 424 3522; x_wconf 93' lang='lat' dir='ltr'>quod</span> <span class='ocrx_word' id='word_1_262' title='bbox 448 3459 531 3523; x_wconf 88' lang='lat' dir='ltr'>aqua</span> <span class='ocrx_word' id='word_1_263' title='bbox 553 3438 740 3521; x_wconf 89' lang='lat' dir='ltr'>tegebatur,</span> <span class='ocrx_word' id='word_1_264' title='bbox 773 3458 815 3501; x_wconf 90' lang='lat' dir='ltr'>ne</span> <span class='ocrx_word' id='word_1_265' title='bbox 839 3458 902 3501; x_wconf 90' lang='lat' dir='ltr'>una</span> <span class='ocrx_word' id='word_1_266' title='bbox 926 3437 1055 3523; x_wconf 88' lang='lat' dir='ltr'>quidem</span> <span class='ocrx_word' id='word_1_267' title='bbox 1079 3434 1185 3500; x_wconf 88' lang='lat' dir='ltr'>astula</span> 
     </span>
     <span class='ocr_line' id='line_1_38' title="bbox 115 3521 1183 3613; baseline -0.005 -21"><span class='ocrx_word' id='word_1_268' title='bbox 115 3547 159 3592; x_wconf 88' lang='lat' dir='ltr'>ex</span> <span class='ocrx_word' id='word_1_269' title='bbox 183 3549 220 3592; x_wconf 96' lang='lat' dir='ltr'>eo</span> <span class='ocrx_word' id='word_1_270' title='bbox 244 3535 435 3591; x_wconf 89' lang='lat' dir='ltr'>remaneret.</span> <span class='ocrx_word' id='word_1_271' title='bbox 482 3525 558 3613; x_wconf 88' lang='lat' dir='ltr'>Ipse</span> <span class='ocrx_word' id='word_1_272' title='bbox 582 3546 725 3613; x_wconf 90' lang='lat' dir='ltr'>quoque,</span> <span class='ocrx_word' id='word_1_273' title='bbox 761 3546 834 3590; x_wconf 91' lang='lat' dir='ltr'>cum</span> <span class='ocrx_word' id='word_1_274' title='bbox 858 3526 1003 3591; x_wconf 91' lang='lat' dir='ltr'>ultimam</span> <span class='ocrx_word' id='word_1_275' title='bbox 1026 3526 1060 3590; x_wconf 93' lang='lat' dir='ltr'>in</span> <span class='ocrx_word' id='word_1_276' title='bbox 1083 3521 1183 3590; x_wconf 81' lang='lat' dir='ltr'>Saxo·</span> 
     </span>
     <span class='ocr_line' id='line_1_39' title="bbox 117 3607 1184 3702; baseline -0.004 -22"><span class='ocrx_word' id='word_1_277' title='bbox 117 3616 206 3681; x_wconf 90' lang='lat' dir='ltr'>niam</span> <span class='ocrx_word' id='word_1_278' title='bbox 239 3607 478 3702; x_wconf 83' lang='lat' dir='ltr'>expeditionem</span> <span class='ocrx_word' id='word_1_279' title='bbox 511 3623 622 3679; x_wconf 89' lang='lat' dir='ltr'>contra</span> <span class='ocrx_word' id='word_1_280' title='bbox 646 3612 860 3680; x_wconf 81' lang='lat' dir='ltr'>Godofridum</span> <span class='ocrx_word' id='word_1_281' title='bbox 882 3635 995 3699; x_wconf 90' lang='lat' dir='ltr'>regem</span> <span class='ocrx_word' id='word_1_282' title='bbox 1017 3613 1184 3678; x_wconf 90' lang='lat' dir='ltr'>Danorum</span> 
     </span>
     <span class='ocr_line' id='line_1_40' title="bbox 118 3701 1184 3790; baseline -0.003 -22"><span class='ocrx_word' id='word_1_283' title='bbox 118 3712 247 3789; x_wconf 89' lang='lat' dir='ltr'>ageret,</span> <span class='ocrx_word' id='word_1_284' title='bbox 284 3701 422 3790; x_wconf 88' lang='lat' dir='ltr'>quadam</span> <span class='ocrx_word' id='word_1_285' title='bbox 455 3701 523 3787; x_wconf 89' lang='lat' dir='ltr'>die,</span> <span class='ocrx_word' id='word_1_286' title='bbox 560 3725 633 3768; x_wconf 91' lang='lat' dir='ltr'>cum</span> <span class='ocrx_word' id='word_1_287' title='bbox 667 3712 742 3768; x_wconf 87' lang='lat' dir='ltr'>ante</span> <span class='ocrx_word' id='word_1_288' title='bbox 781 3711 930 3768; x_wconf 88' lang='lat' dir='ltr'>exortum</span> <span class='ocrx_word' id='word_1_289' title='bbox 965 3703 1038 3772; x_wconf 84' lang='lat' dir='ltr'>solis</span> <span class='ocrx_word' id='word_1_290' title='bbox 1071 3702 1184 3766; x_wconf 79' lang='lat' dir='ltr'>castris</span> 
     </span>
     <span class='ocr_line' id='line_1_41' title="bbox 117 3790 1185 3880; baseline -0.001 -23"><span class='ocrx_word' id='word_1_291' title='bbox 117 3815 269 3878; x_wconf 85' lang='lat' dir='ltr'>egressus</span> <span class='ocrx_word' id='word_1_292' title='bbox 292 3794 355 3857; x_wconf 90' lang='lat' dir='ltr'>iter</span> <span class='ocrx_word' id='word_1_293' title='bbox 377 3793 473 3878; x_wconf 83' lang='lat' dir='ltr'>agere</span> <span class='ocrx_word' id='word_1_294' title='bbox 490 3794 658 3879; x_wconf 88' lang='lat' dir='ltr'>coepisset,</span> <span class='ocrx_word' id='word_1_295' title='bbox 682 3790 763 3857; x_wconf 91' lang='lat' dir='ltr'>uidit</span> <span class='ocrx_word' id='word_1_296' title='bbox 779 3799 913 3879; x_wconf 91' lang='lat' dir='ltr'>repente</span> <span class='ocrx_word' id='word_1_297' title='bbox 930 3790 1093 3880; x_wconf 88' lang='lat' dir='ltr'>delapsam</span> <span class='ocrx_word' id='word_1_298' title='bbox 1115 3813 1185 3856; x_wconf 87' lang='lat' dir='ltr'>cae-</span> 
     </span>
    </p>
   </div>
   <div class='ocr_carea' id='block_1_6' title="bbox 0 0 1312 4246">
    <p class='ocr_par' dir='ltr' id='par_1_7' title="bbox 0 0 1312 4246">
     <span class='ocr_line' id='line_1_42' title="bbox 0 0 1312 4246; baseline 0 0"><span class='ocrx_word' id='word_1_299' title='bbox 0 0 1312 4246; x_wconf 95' lang='lat' dir='ltr'> </span> 
     </span>
    </p>
   </div>
  </div>
 </body>
</html>
