2596 4246
550 211 748 273 -6-

117 384 194 449 bore
219 393 375 449 certatum
404 396 437 449 et
460 385 522 448 fine
546 394 670 449 constat
694 408 764 451 esse
788 386 1002 473 conpletum·
1027 387 1187 472 Pippinus

118 473 276 559 siquidem
299 472 498 538 Haistulium
529 495 640 559 regem
670 496 846 560 paucorum
870 472 993 540 dierum
1018 473 1187 540 obsidione

117 562 204 648 apud
228 562 385 627 Ticenum
408 563 549 649 conpulit
573 573 605 628 et
629 563 756 628 obsides
780 561 856 628 dare
880 573 912 628 et
935 573 1047 650 erepta
1068 565 1186 629 Roma·

116 653 166 715 nis
189 651 308 737 oppida
330 663 425 738 atquc
449 651 579 717 castella
601 654 770 718 restituere
794 663 900 740 atque,
925 663 961 718 ut
976 651 1104 718 reddita
1119 674 1186 718 non

116 750 348 827 repeterentur,
374 750 574 806 sacramento
597 739 694 805 fidem
709 742 830 825 facere,
856 742 996 808 Karolus
1017 764 1093 807 uero
1109 751 1186 828 post

116 829 300 894 inchoatum
323 851 342 892 a
365 852 399 894 se
422 829 543 895 bellum
566 852 629 894 non
653 833 740 916 prius
765 830 904 913 destitit,
939 854 1036 916 quam
1059 840 1092 896 et
1114 831 1182 895 De·

117 918 269 982 siderium
297 940 428 1002 regem,
461 940 557 1005 quem
585 918 683 1004 longa
706 920 869 985 obsidione
902 920 1111 1005 fatigauerat,
1148 921 1184 983 in

117 1005 313 1072 deditionem
336 1009 529 1093 susciperem
564 1007 663 1072 filium
698 1011 765 1074 eius
790 1008 996 1092 Adalgisum,
1030 1012 1063 1072 in
1086 1030 1186 1095 quem

117 1119 190 1182 spes
214 1098 357 1161 omnium
379 1096 549 1162 inclinatae
565 1095 767 1181 uidebantur,
791 1120 855 1162 non
871 1098 972 1162 solum
989 1119 1100 1183 regno,
1125 1096 1185 1162 sed

118 1187 214 1251 ctiam
237 1185 332 1250 Italia
356 1186 511 1251 excedere
536 1186 741 1272 conpelleret,
766 1190 873 1251 omnia
895 1187 1049 1251 Romanis
1072 1197 1185 1274 erepta

116 1276 312 1359 restitueret,
337 1273 589 1359 Hruodgausum
605 1275 801 1340 Foroiuliani
825 1274 959 1340 ducatus
982 1277 1185 1361 praefectum

116 1385 168 1427 res
201 1386 300 1428 nouas
331 1364 515 1429 molientem
546 1367 743 1450 opprimeret
765 1374 930 1451 totamque
955 1364 1080 1429 Italiam
1105 1382 1184 1429 suae

116 1447 228 1516 ditioni
241 1454 428 1538 subiugaret
440 1455 655 1539 subactaeque
668 1452 767 1517 filium
780 1477 872 1517 suum
888 1455 1058 1541 Pippinum
1070 1475 1183 1538 regem

117 1543 307 1628 imponeret.
353 1541 481 1607 Italiam
504 1544 636 1606 intranti
661 1565 756 1628 quam
773 1541 912 1607 difficilis
930 1543 1061 1630 Alpium
1077 1553 1181 1606 trans·

116 1632 180 1694 itus
210 1631 321 1713 fuerit,
354 1641 537 1716 quantoque
560 1631 759 1697 Francorum
786 1632 894 1696 labore
916 1634 1003 1695 inuia
1025 1634 1184 1695 montium

116 1720 194 1804 iuga
218 1727 250 1784 et
274 1721 451 1784 eminentes
474 1722 506 1783 in
530 1720 654 1784 eaelum
674 1720 794 1807 scopuli
812 1732 908 1807 atque
924 1742 1056 1806 asperae
1073 1729 1184 1784 cautes

118 1818 287 1894 superatae
311 1810 384 1891 sint,
409 1808 562 1873 hocloco
586 1809 811 1890 describerem,
836 1812 897 1874 nisi
915 1812 1001 1874 uitae
1016 1810 1100 1874 illius
1116 1831 1183 1873 mo-

117 1897 193 1962 dum
216 1900 323 1983 potius
346 1919 443 1984 quam
465 1897 632 1981 bellorum,
658 1921 740 1984 quae
764 1901 879 1982 gessit,
906 1907 1039 1962 euentus
1061 1918 1183 1962 memo·

115 1988 182 2051 riae
206 1985 359 2050 mandare
386 1989 549 2072 praesenti
584 2009 679 2073 opere
713 1989 819 2052 animo
854 1997 937 2052 esset
970 1989 1182 2074 propositum.

117 2074 208 2139 Finis
230 2084 340 2139 tamen
363 2074 456 2139 huius
479 2075 555 2140 belli
584 2076 645 2139 fuit
675 2076 808 2142 subacta
832 2075 928 2142 Italia
952 2087 984 2141 et
1006 2099 1064 2139 rex
1088 2075 1181 2140 Desi-

115 2162 222 2229 derius
246 2174 402 2251 perpetuo
426 2165 520 2228 exilio
544 2163 730 2250 deportatus
754 2174 787 2231 et
809 2165 892 2230 filius
915 2167 983 2230 eius
1003 2162 1180 2247 Adalgisus

115 2251 211 2316 Italia
243 2253 352 2339 pulsus
381 2262 412 2318 et
434 2275 485 2317 res
509 2276 529 2317 a
552 2252 841 2338 Langobardorum
876 2255 1006 2338 regibus
1038 2263 1179 2339 ereptae,

114 2341 257 2406 Adriano
281 2341 446 2407 Romanae
471 2342 625 2408 ecclesiae
647 2345 765 2409 rectori
788 2345 965 2408 restitutae.

205 2433 233 2496 7.
272 2430 347 2494 Post
371 2432 459 2495 cuius
483 2431 580 2496 finem
604 2429 815 2515 Saxonicum,
851 2431 936 2517 quod
969 2432 1060 2517 quasi
1083 2433 1179 2494 inter-

114 2521 247 2584 missum
280 2518 466 2603 uidebatur,
501 2521 674 2606 repetitum
706 2532 762 2585 est.
814 2519 886 2598 Quo
919 2521 1041 2585 nullum
1075 2539 1179 2605 neque

114 2608 269 2695 prolixius
292 2630 396 2695 neque
420 2610 559 2674 atrocius
576 2609 836 2696 Francorumque
852 2610 968 2696 populo
989 2609 1179 2673 laboriosius

114 2707 298 2786 susceptum
322 2706 380 2764 est.
427 2697 511 2776 Quia
535 2693 689 2781 Saxones,
714 2700 796 2764 sicut
820 2720 930 2762 omnes
954 2698 1023 2763 iere
1040 2695 1178 2763 Germa-

113 2788 200 2851 niam
224 2786 396 2852 incolentes
419 2789 574 2869 nationes,
600 2798 632 2852 et
655 2796 770 2852 natura
792 2787 917 2852 feroces
942 2797 974 2852 et
990 2787 1088 2850 cultui
1106 2785 1179 2852 dae·

115 2896 245 2940 monum
269 2873 368 2940 dediti
390 2886 583 2962 nostraeque
599 2875 747 2961 religioni
764 2877 925 2958 contrarii,
950 2898 1053 2962 neque
1070 2874 1179 2939 diuina

113 2984 217 3051 neque
240 2963 378 3030 humana
393 2967 464 3029 iura
479 2966 531 3028 uel
546 2965 689 3050 polluere
709 2965 762 3029 uel
776 2963 960 3050 transgredi
975 2964 1178 3029 inhonestum

113 3052 363 3119 arbitrabantur.
411 3051 573 3119 Suberant
598 3064 630 3118 et
653 3075 778 3135 causae,
811 3076 893 3140 quae
924 3051 1042 3118 cotidie
1065 3075 1178 3138 pacem

115 3142 305 3207 conturbare
335 3152 500 3228 poterant,
534 3143 662 3206 termini
694 3142 844 3208 uidelicet
872 3144 973 3208 nostri
997 3151 1030 3207 ct
1054 3141 1178 3207 illorum

114 3252 195 3317 pene
218 3232 337 3317 ubique
368 3233 401 3295 in
430 3231 525 3318 plano
558 3233 714 3316 contigui,
748 3243 876 3318 praeter
899 3253 1002 3318 pauca
1028 3231 1112 3314 loca,
1146 3231 1180 3294 in

115 3321 229 3406 quibus
251 3321 304 3385 uel
327 3320 427 3385 siluae
459 3322 597 3384 maiores
632 3321 684 3385 uel
714 3322 869 3385 montium
904 3323 982 3405 iuga
1008 3322 1180 3385 interiecta

115 3419 323 3495 utrorumque
346 3430 441 3493 agros
472 3418 559 3474 certo
589 3410 691 3474 limite
724 3408 963 3492 disterminant,
996 3411 1029 3474 in
1063 3409 1178 3496 quibus

115 3497 229 3564 caedes
253 3509 285 3562 et
308 3500 441 3583 rapinae
464 3506 496 3562 et
511 3496 660 3564 incendia
675 3500 818 3564 uicissim
833 3496 904 3564 fieri
919 3519 984 3563 non
999 3497 1177 3564 cessabant.

115 3585 237 3664 Quibus
261 3586 341 3651 adeo
364 3587 483 3652 Franci
506 3595 581 3651 sunt
604 3589 735 3671 irritati,
769 3597 804 3653 ut
837 3609 902 3653 non
931 3589 996 3652 iam
1018 3586 1177 3650 uicissitu-

114 3674 222 3740 dinem
243 3675 388 3756 reddere,
413 3677 469 3741 sed
492 3685 640 3762 apertum
662 3686 773 3741 contra
797 3699 851 3741 eos
874 3677 994 3742 bellum
1016 3676 1179 3760 suscipere

114 3763 248 3848 dignum
270 3764 458 3834 iudicarent,
839 3801 841 3805 ι

179 3850 394 3940 --Susceptum
419 3863 479 3918 est
511 3855 611 3939 igitur
643 3854 796 3919 aduersus
832 3875 886 3920 eos
922 3852 1180 3939 bellum,··q.uod
