2596 4246
542 123 784 237 ..g-.-

200 354 312 417 Plures
335 361 443 417 tamen
467 375 504 417 eo
528 351 611 417 bello
635 361 700 416 tam
726 375 765 416 ex
789 353 955 416 nobilitate
978 353 1180 418 Francorum

110 464 207 528 quam
225 439 389 506 Saxonum
406 453 437 505 et
454 442 555 505 functi
571 443 702 506 summis
725 440 897 505 honoribus
918 443 979 505 uiri
996 445 1176 528 consumpti

112 541 195 596 sunt.
243 529 455 615 Tandemque
478 553 560 595 anno
584 532 745 595 tricesimo
769 532 863 594 tertio
879 528 1003 594 finitum
1019 541 1077 614 est,
1103 554 1177 595 cum

111 621 241 685 interim
265 630 312 683 tot
336 642 373 683 ac
396 629 486 683 tanta
509 621 541 683 in
571 617 703 683 diuersis
734 631 892 684 terrarum
920 620 1064 707 partibus
1092 620 1182 686 bella

113 719 225 775 contra
248 707 390 772 Francos
415 718 447 773 et
470 719 582 772 exorta
606 710 669 772 sint
702 717 734 772 et
766 708 906 773 sollertia
932 711 1019 795 regis
1043 707 1175 774 admini-

113 807 229 879 strata,
261 807 296 860 ut
329 798 444 862 merito
473 798 670 863 intuentibus
698 800 731 860 in
757 796 888 861 dubium
922 799 1032 862 uenire
1065 801 1176 885 possit,

112 896 220 952 utrum
236 887 269 950 in
286 908 323 949 eo
339 896 394 950 aut
409 885 555 950 laborum
570 886 758 972 patientiam
782 896 838 951 aut
860 886 1048 952 felicitatem
1071 889 1181 973 potius

111 977 224 1040 mirari
247 977 423 1039 conueniat.
470 975 557 1040 Nam
581 976 707 1040 biennio
724 985 798 1040 ante
814 975 962 1040 Italicum
981 975 1042 1040 hoc
1057 976 1176 1040 bellum

113 1066 250 1150 sumpsit
274 1061 456 1146 exordium,
491 1074 524 1128 et
552 1085 625 1128 cum
648 1066 717 1129 sine
740 1066 973 1130 intermissione
997 1075 1179 1150 gereretur,

114 1152 193 1218 nihil
216 1165 324 1217 tamen
347 1177 387 1217 ex
411 1152 469 1235 his,
494 1175 576 1239 quae
599 1153 698 1219 aliubi
721 1163 814 1220 crant
834 1153 986 1238 gerenda,
1009 1153 1177 1219 dimissum

114 1252 170 1310 aut
193 1243 257 1307 ulla
272 1243 305 1305 in
328 1251 419 1329 parte
453 1241 492 1306 ab
526 1264 628 1325 aeque
659 1265 792 1328 operoso
816 1245 992 1308 certamine
1016 1253 1177 1308 cessatum

114 1341 173 1398 est.
216 1329 301 1396 Nam
326 1353 384 1395 rex
407 1333 558 1415 omnium,
583 1334 638 1417 qui
661 1354 719 1396 sua
741 1340 847 1396 aetate
871 1333 1020 1416 gentibus
1035 1330 1178 1396 domina·

113 1421 242 1504 bantur,
266 1428 298 1484 et
321 1418 490 1506 prudentia
506 1422 665 1485 maximus
682 1430 714 1486 et
729 1421 828 1485 animi
845 1423 1067 1507 magnitudine
1082 1443 1174 1508 prae·

115 1509 337 1592 stantissimus,
362 1509 439 1574 nihil
462 1511 495 1573 in
518 1508 581 1594 his,
606 1532 688 1595 quae
711 1510 763 1575 uel
786 1510 988 1597 suscipienda
1011 1521 1101 1575 erant
1125 1509 1178 1574 uel

116 1595 329 1684 exsequenda,
354 1608 409 1662 aut
430 1609 562 1686 propter
586 1599 729 1664 laborem
753 1596 943 1663 detrectauit
966 1610 1021 1664 aut
1044 1607 1179 1686 propter

116 1686 308 1775 periculum,
332 1687 513 1773 exhorruit,
551 1710 681 1770 uerum,
721 1685 967 1774 unumquodque
1005 1688 1178 1753 secundum

116 1800 206 1842 suam
232 1775 418 1862 qualitatem
443 1786 475 1841 et
491 1777 597 1841 subire
614 1786 645 1841 et
660 1777 744 1842 ferre
760 1775 882 1860 doctus,
906 1799 965 1841 nec
986 1779 1019 1842 in
1035 1777 1180 1842 aduersis

117 1866 232 1932 cedere
256 1868 363 1929 necin
386 1868 547 1952 prosperis
571 1865 651 1930 falso
667 1864 843 1930 blandienti
859 1866 1004 1932 fortunae
1026 1867 1179 1932 adsentiri

117 1955 250 2020 solebat.

208 2046 238 2109 9.
286 2041 368 2107 Cum
391 2045 476 2109 enim
506 2043 632 2109 assiduo
661 2056 718 2109 ac*
730 2067 815 2132 pene
843 2047 991 2110 continuo
1022 2067 1094 2108 cum
1122 2043 1181 2111 Sa—

117 2133 256 2197 xonibus
271 2131 356 2198 bello
373 2143 559 2214 certaretur,
574 2133 735 2220 dispositis
747 2157 806 2221 per
819 2157 960 2219 congrua
973 2132 1182 2198 confiniorum

116 2224 188 2287 loca
215 2222 399 2308 praesidiis,
435 2222 626 2311 Hispaniam
659 2246 755 2310 quam
785 2225 926 2288 maximo
959 2233 1084 2311 poterat
1107 2223 1183 2287 belli

117 2321 275 2398 apparatu
290 2310 488 2396 adgreditur.
526 2310 681 2398 Saltuque
697 2312 828 2398 Pyrinei
845 2323 1003 2399 superato,
1025 2313 1184 2397 omnibus,

118 2423 200 2487 quae
232 2400 363 2485 adierat,
399 2399 525 2486 oppidis
557 2411 654 2486 atque
688 2402 825 2467 castellis
854 2404 887 2466 in
915 2400 1109 2467 deditionem
1132 2425 1183 2466 ac·

119 2492 230 2576 ceptis,
255 2490 342 2555 saluo
367 2498 400 2554 et
415 2490 565 2554 incolomi
581 2492 724 2556 exercitu
739 2493 928 2575 reuertitur3
952 2501 1081 2577 praeter
1097 2489 1183 2576 quod

120 2580 154 2643 in
178 2581 246 2664 ipso
262 2577 393 2664 Pyrinei
413 2581 489 2662 iugo
505 2579 739 2644 Vuasconicam
764 2578 932 2665 perfidiam
954 2602 1128 2666 parumper
1150 2581 1184 2642 in

119 2666 280 2732 redeundo
305 2668 441 2752 contigit
465 2669 613 2754 experiri.
659 2668 746 2733 Nam
769 2691 842 2733 cum
865 2669 994 2754 agmine
1017 2669 1123 2752 longo,
1148 2678 1186 2731 ut

120 2757 182 2832 loci
206 2764 237 2819 et
263 2757 484 2842 angustiarum
509 2759 588 2821 situs
611 2759 834 2844 permittebat,
858 2767 1024 2843 porrectus
1047 2759 1107 2823 iret
1130 2780 1183 2821 ex-

121 2845 253 2926 ercitus,
277 2842 479 2928 Vuascones,
504 2848 537 2911 in
561 2847 677 2911 summi
699 2849 815 2913 montis
838 2848 958 2912 uertice
974 2847 1086 2933 positis
1108 2847 1182 2910 insi-

121 2934 181 2999 diis
205 2930 267 3020 (est
298 2936 383 3000 enim
412 2934 500 2998 locus
525 2957 565 3000 ex
589 2937 747 3022 opacitate
779 2937 947 3019 siluarum,
979 2957 1115 3021 quarum
1138 2935 1184 2999 ibi

121 3026 264 3089 maxima
288 3033 336 3088 est
360 3025 461 3110 copia,
485 3025 607 3089 insidiis
630 3024 786 3111 ponendis
802 3022 1185 3111 oportunus),extremam

121 3111 425 3200 impedimentorum
447 3122 573 3199 partem
604 3124 636 3178 et
666 3137 736 3198 eos,
772 3116 827 3200 qui
859 3116 1023 3178 nouissimi
1046 3115 1185 3198 agminis

121 3201 307 3266 incedentes
330 3200 470 3266 subsidio
494 3200 723 3288 praecedentes
755 3205 944 3283 tuebantur,
980 3201 1117 3290 desuper
1139 3203 1184 3264 in·

123 3292 336 3360 cursantesin
360 3289 536 3356 subiectam
560 3291 677 3360 uallem
701 3291 855 3375 deiciunt3
881 3302 1092 3378 consertoque
1112 3312 1186 3354 oum

123 3382 168 3456 eis
192 3379 322 3466 proelio,
346 3401 446 3464 usque
467 3377 506 3443 ad
527 3402 625 3444 unum
642 3403 751 3446 omnes
767 3380 974 3463 interficiunt;
998 3404 1037 3445 ac
1053 3378 1186 3466 direptis

122 3467 369 3554 impedimentis,
386 3469 488 3533 noctis
504 3467 667 3554 beneficio,
693 3492 774 3557 quae
790 3473 854 3536 iam
870 3470 1019 3554 instabat,
1037 3468 1186 3556 protecti,

124 3578 257 3622 summa*
271 3577 345 3621 cum
368 3558 533 3623 celeritate
556 3560 589 3623 in
613 3557 740 3626 diuersa
761 3560 997 3647 disperguntur.
1044 3556 1185 3621 Adiuua-

121 3645 179 3711 bat
202 3648 233 3710 in
257 3644 318 3712 hoc
332 3647 426 3711 ‘facto
450 3643 636 3714 Vuascones
661 3659 693 3713 et
719 3649 833 3714 leuitas
860 3668 1024 3714 armorum
1053 3656 1085 3711 et
1112 3645 1186 3727 loci,

122 3735 156 3813 in
180 3757 243 3820 quo
265 3759 316 3800 res
339 3736 519 3820 gerebatur,
544 3739 624 3802 situs
631 3763 639 3822 3
664 3747 795 3803 econtra
817 3738 961 3803 Francos
976 3745 1008 3800 et
1024 3756 1186 3800 armorum

122 3826 266 3910 grauitas
290 3833 323 3890 et
344 3826 406 3890 loci
428 3827 578 3911 iniquitas
602 3849 660 3912 per
683 3829 788 3904 omnia
804 3825 1025 3907 Vuasconibus
1048 3821 1189 3888 reddidit
