2596 4246
572 132 785 194 *25-

151 309 224 373 talis
248 316 297 372 est
320 306 415 390 ratio,
448 316 499 389 ut,
533 306 593 370 illis
617 305 739 372 duabus
763 309 795 372 in
818 307 1016 394 supradictas
1039 309 1213 376 diuisiones

150 396 329 463 distributis
359 405 392 460 et
425 396 483 459 sub
516 396 620 479 sigillo
649 397 836 481 reconditis,
867 398 947 462 haec
975 399 1072 463 tertia
1096 401 1129 464 in
1152 422 1214 466 usu

151 485 309 551 cotidiano
333 493 525 565 uersaretur,
550 486 637 550 uelut
659 508 725 572 res,
750 507 846 572 quarn
869 486 956 551 nulla
979 489 1047 552 uoti
1063 488 1211 574 obligati·

152 598 211 640 one
227 597 246 639 a
261 575 400 639 dominio
423 572 615 659 possidentis
638 574 809 641 alienatam
829 598 898 640 esse
915 587 1086 661 constaret,
1104 589 1136 642 et
1151 579 1214 643 hoc

152 662 291 748 tamdiu,
324 661 427 748 quoad
458 684 559 749 usque
590 664 642 728 uel
670 664 724 730 ille
755 666 925 730 mansisset
948 666 980 730 in
1004 689 1137 753 corpore
1160 669 1214 732 uel

151 775 245 818 usum
266 754 333 817 eius
356 752 416 817 sibi
439 754 654 818 necessarium
676 751 843 822 iudicaret.
889 755 966 819 Post
990 755 1112 820 obitum
1134 778 1213 822 uero

152 864 245 907 suum
273 851 329 907 aut
357 841 571 907 uoluntariam
596 844 807 908 saecularium
829 865 937 908 rerum
960 847 1136 910 carentiam
1159 868 1212 910 ea·

152 931 225 997 dem
248 953 323 1018 pars
347 940 483 1017 quatuor
506 929 775 997 subdiuisionibus
797 943 977 1017 secaretur,
1002 944 1034 999 et
1057 956 1120 999 una
1143 936 1213 1021 qui-

151 1022 226 1087 dem
258 1041 367 1086 earum
400 1020 590 1106 supradictis
606 1019 682 1086 ‚XX
704 1030 737 1086 et
758 1043 841 1086 uuae
864 1022 1009 1107 partibus
1031 1021 1214 1108 adderetur,

154 1110 256 1176 altera
276 1107 383 1175 afiliis
407 1131 445 1173 ac
468 1108 593 1174 filiabus
617 1111 682 1174 suis
705 1110 840 1197 filiisque
865 1132 902 1176 ac
925 1110 1050 1176 filiabus
1073 1112 1214 1178 filiorum

153 1222 283 1264 suorum
306 1208 478 1286 assumpta,
502 1200 585 1262 iusta
609 1209 642 1263 et
664 1200 847 1264 rationabili
866 1201 950 1265 inter
969 1222 1023 1265 eos
1039 1203 1215 1287 partitione

153 1287 359 1371 diuideretur,
383 1289 479 1352 tertia
499 1309 575 1352 uero
593 1297 743 1353 consueto
760 1287 950 1353 Christianis
967 1312 1055 1354 more
1070 1292 1103 1356 in
1119 1311 1214 1356 usum

153 1398 330 1464 pauperum
360 1377 472 1441 fuisset
505 1386 654 1459 erogata,
686 1389 800 1464 quarta
832 1379 927 1443 simili
958 1377 1051 1443 modo
1084 1382 1215 1445 nomine

154 1467 357 1532 eleimosinae
383 1467 417 1530 in
444 1487 608 1530 seruorum
633 1475 666 1532 et
688 1467 876 1532 ancillarum
899 1468 1008 1532 usibus
1032 1468 1142 1553 palatii
1166 1469 1214 1534 fa·

153 1556 343 1619 mulantium
365 1557 629 1620 sustentationem
653 1554 822 1620 distributa
845 1558 979 1623 ueniret.

242 1643 294 1708 Ad
323 1643 406 1707 hanc
440 1645 567 1708 tertiam
597 1646 695 1708 totius
725 1667 868 1709 summae
901 1647 1094 1731 portionem,
1131 1668 1215 1733 quae

154 1733 300 1798 similiter
323 1744 358 1796 ut
383 1741 509 1797 ceterae
532 1756 572 1798 ex
596 1756 673 1797 auro
697 1744 729 1799 et
752 1743 888 1818 argento
912 1743 1052 1818 constat,
1082 1734 1216 1821 adiungi

153 1823 254 1887 uoluit
286 1822 393 1886 omnia
421 1844 461 1885 ex
488 1844 561 1886 aere
586 1832 618 1887 et
641 1821 726 1887 ferro
749 1823 883 1909 aliisque
906 1824 1044 1889 metallis
1067 1846 1145 1888 uasa
1167 1834 1216 1890 at·

155 1933 216 1998 que
238 1909 385 1976 utensilia
409 1933 481 1974 oum
505 1913 603 1976 armis
626 1921 658 1976 et
681 1912 823 1977 uestibus
847 1913 972 1998 alioque
995 1923 1050 1978 aut
1073 1915 1215 1999 pretioso

155 2009 210 2065 aut
232 2000 289 2064 uili
311 1997 353 2064 ad
377 2000 484 2064 uarios
506 2022 581 2065 usus
604 2000 688 2065 facto
712 2001 938 2087 suppellectili,
967 2010 1001 2065 ut
1025 2011 1098 2066 sunt
1121 2005 1216 2068 corti-

155 2111 229 2172 nae,
255 2088 408 2172 stragula,
434 2091 563 2177 tapetia,
587 2089 680 2173 filtra,
706 2093 802 2175 coria,
827 2099 984 2175 sagmata,
1009 2100 1041 2154 et
1065 2092 1218 2178 quicquid

156 2180 189 2242 iu
216 2200 343 2243 camera
370 2187 466 2263 atque
498 2180 649 2244 uestiario
677 2181 744 2243 eius
768 2202 806 2245 eo
830 2177 880 2244 die
904 2180 1016 2244 fuisset
1039 2182 1216 2265 inuentum,

155 2276 190 2331 ut
218 2290 258 2331 ex
281 2268 342 2332 hoc
365 2269 502 2332 maiores
525 2268 609 2332 illius
632 2269 733 2355 partis
756 2266 927 2333 diuisiones
954 2266 1066 2333 fierent
1090 2278 1122 2334 et
1146 2293 1216 2335 ero·
1270 2331 1273 2335 .

154 2358 241 2441 gatio
265 2356 468 2422 eleimosiuae
492 2357 532 2422 ad
555 2357 661 2444 plures
684 2359 853 2443 peruenire
876 2359 1041 2443 potuisset.

243 2444 422 2531 Capellam,
454 2445 488 2510 id
523 2455 571 2511 est
602 2446 851 2512 ecclesiasticum
886 2447 1113 2531 ministerium,
1149 2455 1216 2512 tam

155 2531 201 2618 id,
222 2534 306 2620 quod
325 2535 394 2621 ipse
413 2534 491 2600 fecit
511 2543 607 2621 atque
623 2537 848 2622 congregauit,
865 2556 962 2621 quam
977 2533 1063 2621 quod
1086 2536 1217 2601 adeum

153 2645 194 2688 ex
216 2631 351 2712 paterna
374 2621 551 2689 hereditate
574 2626 733 2710 peruenit,
758 2633 794 2688 ut
817 2627 979 2710 integrum
1003 2634 1087 2690 esset
1110 2647 1217 2711 neque

155 2712 218 2776 ulla
242 2711 397 2778 diuisione
421 2710 633 2796 scinderetur,
660 2711 829 2780 ordinauit.

243 2798 343 2887 Siqua
377 2810 484 2866 autem
520 2803 738 2868 inuenireutur
768 2812 823 2867 aut
853 2824 931 2867 uasa
962 2811 1018 2867 aut
1049 2801 1124 2866 libri
1160 2812 1217 2867 aut

154 2889 216 2955 alia
240 2900 436 2974 ornamenta,
460 2912 541 2977 quae
564 2890 684 2977 liquido
709 2901 869 2957 constaret
893 2891 996 2956 eidem
1018 2891 1159 2976 capellae
1174 2890 1216 2956 ab

154 3001 192 3044 eo
209 2981 335 3045 conlata
350 3002 412 3044 non
432 2979 539 3063 fuisse,
564 2979 642 3046 haec
666 2983 720 3067 qui
743 2978 863 3046 habere
886 2980 992 3065 uellet,
1016 2978 1091 3044 dato
1114 2981 1217 3046 iustae

154 3069 384 3134 aestimationis
408 3071 524 3156 pretio,
556 3079 676 3136 emeret
699 3080 731 3135 et
754 3067 897 3137 haberet.
944 3061 1099 3136 Similiter
1122 3077 1154 3134 et
1177 3069 1217 3135 do

154 3157 256 3242 libris,
288 3180 423 3244 quorum
455 3179 607 3243 magnam
636 3161 669 3224 in
692 3159 888 3224 bibliotheca
911 3179 969 3223 sua
992 3159 1118 3243 copiam
1142 3180 1216 3223 con-

155 3249 315 3332 gregauit,
340 3249 459 3330 statuit,
485 3257 520 3311 ut
542 3246 583 3312 ab
605 3246 665 3330 his,
689 3249 744 3334 qui
760 3270 813 3314 cos
838 3247 957 3313 habere
980 3246 1109 3330 uellent,
1134 3248 1217 3311 iusto

154 3337 257 3425 pretio
280 3336 416 3402 fuissent
438 3334 613 3423 redempti,
643 3338 847 3424 pretiumque
873 3339 907 3401 iu
929 3335 1123 3424 pauperibus
1148 3357 1217 3400 ero·

178 3433 275 3489 atum.

155 3446 178 3510 g
243 3514 327 3579 lutor
350 3524 474 3580 ceteros
497 3514 663 3580 thesauros
686 3523 783 3601 atque
805 3516 973 3601 pecuniam
1002 3524 1068 3579 tres
1091 3535 1219 3578 mensas

155 3614 325 3690 argenteas
356 3614 388 3669 et
420 3625 552 3668 auream
583 3627 680 3670 unam
712 3607 904 3690 praecipuae
932 3603 1162 3688 magnitudinis
1187 3609 1219 3667 et

155 3692 304 3778 ponderis
328 3715 397 3757 esse
421 3701 553 3758 constat.
600 3693 652 3758 De
676 3694 790 3780 quibus
815 3694 927 3757 statuit
946 3700 1044 3777 atque
1064 3690 1218 3776 decreuit,

155 3788 191 3843 ut
221 3804 285 3847 una
317 3804 357 3846 ex
386 3781 450 3866 his,
483 3803 565 3867 quae
597 3781 700 3847 forma
724 3782 946 3868 quadrangula
969 3780 1219 3867 descriptionem
