2596 4246
600 155 819 217 ..14-

102 242 109 359 l

102 364 106 412 r
178 327 328 393 decorem
359 339 391 393 et
424 329 685 394 commoditatem
716 333 910 417 pertinentia
942 329 1076 396 diuersis
1107 333 1140 395 in
1171 333 1251 396 locis

106 459 108 463 ν
179 416 354 501 inchoauit,
380 417 538 504 quaedam
554 421 652 484 etiam
673 422 915 485 consummauit.
951 419 1041 484 Inter
1058 441 1140 505 quae
1155 440 1249 507 prae·

180 508 275 593 cipue
299 503 390 593 [fere]
414 529 479 572 non
502 510 649 574 inmerito
673 509 775 573 uideri
798 517 932 596 possunt
961 508 1095 576 basilica
1117 520 1249 574 sanctae

180 595 232 661 dei
266 597 431 680 genitricis
464 594 662 682 Aquisgrani
697 619 792 684 opere
825 599 964 663 mirabili
998 607 1182 664 constructa
1218 609 1250 667 et

177 705 260 837 pons
276 684 361 771 apud
377 683 621 769 Mogontiacum
643 689 676 750 in
691 685 803 752 Rheno
824 690 1073 773 quingentorum
1095 709 1249 772 passuum

190 771 384 859 ougitudinis
416 771 529 860 ([nam]
562 784 653 840 tanta
683 786 732 840 est
761 776 805 841 ibi
835 776 974 841 fluminis
997 773 1161 862 latitudo);
1192 779 1249 863 qui

177 873 287 928 tamen
315 885 378 927 uno
405 873 579 949 antequam
602 863 771 929 decederet
794 887 876 930 anno
900 864 1046 930 incendio
1071 863 1248 949 conflagra-

177 954 241 1037 uit,
273 973 333 1018 nec
359 951 448 1017 refici
471 955 574 1039 potuit
596 964 729 1041 propter
752 954 936 1019 festinatum
960 955 1044 1018 illius
1068 952 1247 1039 decessum,

178 1063 373 1130 quamquam
403 1043 435 1107 iu
468 1063 508 1106 ea
539 1043 745 1107 meditatione
770 1055 870 1126 esset,
894 1051 930 1107 ut
952 1066 1010 1130 pro
1033 1043 1142 1128 ligneo
1165 1042 1245 1131 lapi·

177 1131 273 1196 deum
304 1131 499 1195 restitueret.
555 1131 725 1197 lnchoauit
755 1142 788 1199 et
816 1133 938 1220 palatia
969 1135 1075 1218 operis
1108 1134 1246 1219 egregii,

177 1241 276 1284 unum
311 1217 398 1285 haud
427 1218 523 1304 longe
561 1243 580 1284 a
613 1219 821 1306 Mogontiaco
850 1223 980 1287 ciuitate
1012 1223 1104 1285 iuxta
1134 1221 1245 1287 uillam

177 1311 227 1374 cui
250 1307 444 1373 uocabulum
467 1318 515 1373 est
539 1308 765 1396 Ingilenheim‚
783 1310 918 1376 alterum
936 1310 1133 1396 Nouiomagi
1148 1332 1247 1396 super

175 1396 334 1462 Vahalem
357 1395 505 1480 fluuium,
534 1401 589 1483 qui
612 1397 809 1465 Batauorum
833 1400 968 1465 insulam
993 1422 1012 1464 a
1034 1410 1127 1487 parte
1150 1401 1245 1465 meri·

176 1487 272 1552 diana
305 1486 515 1574 praeterfluit.
564 1488 741 1574 Praecipue
771 1498 882 1554 tamen
904 1488 1000 1553 aedes
1025 1511 1147 1571 sacras,
1177 1489 1246 1554 ubi-

177 1597 314 1662 cumque
347 1577 380 1639 in
408 1586 475 1640 toto
505 1597 606 1663 regno
631 1600 687 1641 suo
711 1586 874 1644 uetustate
897 1577 1063 1664 conlapsas
1088 1580 1245 1665 conperit,

175 1662 381 1752 pontificibus
413 1674 445 1729 et
475 1665 634 1750 patribus,
668 1665 869 1751 adquorum
896 1688 1005 1731 curam
1028 1668 1244 1753 pertinebant,

174 1763 210 1818 ut
233 1763 502 1837 restaurarentur,
526 1756 709 1840 imperauit,
733 1754 889 1823 adhibens
907 1778 1018 1820 euram
1033 1778 1092 1842 per
1107 1754 1245 1841 legatos,

107 1878 114 1939 p
174 1850 210 1906 ut
233 1844 391 1930 imperata
412 1840 613 1930 perficerent.

264 1930 396 1995 Molitus
413 1940 462 1996 est
479 1942 511 1996 et
531 1930 665 1996 classem
686 1942 798 1997 contra
820 1932 941 1998 bellum
956 1932 1243 2018 Nordmannicum,

173 2017 350 2084 aedificatis
381 2019 421 2085 ad
454 2020 515 2085 hoc
544 2020 680 2085 nauibus
712 2024 804 2086 iuxta
835 2020 982 2102 flumina,
1016 2043 1099 2107 quae
1134 2032 1167 2086 et
1201 2021 1244 2088 de

174 2106 282 2174 Gallia
301 2120 332 2173 et
349 2106 389 2173 de
403 2107 580 2175 Germania
597 2111 894 2197 septemtrionalem
909 2109 1045 2174 influunt
1061 2108 1243 2178 Oceanum.

173 2196 216 2261 Et
249 2200 325 2284 quia
348 2197 550 2264 Nordmanni
573 2197 734 2266 Gallicum
766 2200 842 2264 litus
877 2211 974 2285 atque
1007 2196 1243 2265 Germanicum

172 2285 301 2352 assidua
324 2287 527 2353 infestatione
551 2289 732 2373 uastabant,
756 2312 815 2375 per
838 2310 947 2354 omnes
970 2298 1082 2375 portus
1107 2297 1139 2352 et
1160 2293 1243 2354 ostia

171 2375 349 2459 fluminum,
374 2398 438 2462 qua
460 2398 558 2440 naues
583 2380 684 2465 recipi
707 2399 801 2464 posse
822 2377 1025 2461 uidebantur,
1050 2377 1242 2443 stationibus

172 2475 205 2531 et
229 2466 373 2530 excubiis
397 2463 576 2552 dispositis,
610 2489 716 2551 nequa
743 2467 843 2532 hostis
871 2468 961 2532 exire
989 2468 1160 2553 potuisset,
1183 2466 1242 2532 tali

170 2555 347 2619 munitione
377 2554 560 2640 prohibuit·
603 2556 696 2620 Fecit
725 2555 811 2621 idem
844 2579 863 2618 a
889 2566 981 2643 parte
1005 2554 1183 2621 meridiana
1205 2558 1241 2623 in

170 2643 263 2707 litore
285 2644 465 2730 prouintiae
489 2641 711 2709 Narbonensis
735 2667 772 2708 ac
793 2641 1024 2730 Septimaniae,
1049 2654 1117 2709 toto
1141 2645 1242 2711 etiam

169 2731 286 2797 Italiae
318 2730 411 2797 litore
438 2754 539 2817 usque
563 2733 700 2798 Romam
721 2742 835 2798 eontra
855 2731 996 2815 Mauros,
1019 2755 1123 2820 nuper
1145 2755 1240 2819 pyra·

170 2822 268 2887 ticam
293 2842 446 2886 exercere
469 2821 651 2907 adgressos.
698 2820 748 2888 Ac
794 2845 829 2886 er
852 2820 913 2887 hoc
935 2822 1021 2887 nullo
1042 2823 1135 2906 graui
1151 2820 1241 2888 dam·

168 2932 211 2975 no
242 2910 296 2975 uel
328 2908 423 2974 Italia
453 2933 473 2975 a
504 2909 643 2997 Mauris,
674 2911 725 2976 uel
789 2910 864 2976 allia
893 2921 990 2997 atque
1014 2908 1191 2976 Germania
1220 2934 1242 2977 a

168 2999 385 3065 Nordmannis
413 2996 525 3063 diebus
555 3001 620 3065 suis
649 2999 780 3066 adfecta
804 3010 866 3085 est,
895 3011 1022 3088 praeter
1046 2998 1131 3086 quod
1154 2996 1238 3067 Ceu-

167 3088 338 3155 tumcellae
374 3088 491 3154 ciuitas
530 3087 681 3157 Etruriae
719 3113 778 3177 per
816 3090 1029 3176 proditionem
1062 3112 1083 3154 a
1115 3086 1240 3154 Mauris

169 3187 263 3266 capta
295 3188 392 3263 atque
425 3186 554 3243 uastata
588 3189 637 3244 cst
667 3187 699 3243 et
732 3180 765 3244 in
787 3180 893 3243 misia
924 3176 1083 3265 quaedam
1115 3177 1240 3244 insulae

167 3264 363 3333 Germanico
396 3266 482 3331 litori
518 3270 689 3352 contiguae
721 3291 741 3332 a
770 3267 987 3334 Nordmaunis
1021 3265 1239 3354 depraedatae

170 3365 253 3421 sunt.

257 3445 307 3511 18.
334 3442 449 3509 Talem
481 3468 554 3509 eum
584 3447 618 3509 in
650 3442 769 3510 tuendo
803 3454 835 3510 et
864 3442 1047 3530 ampliando
1078 3444 1239 3530 simulque

166 3535 308 3600 ornando
333 3555 433 3618 regno
457 3533 555 3598 fuisse
578 3544 713 3601 constat
762 3531 861 3599 Cuius
882 3536 981 3598 animi
997 3534 1087 3599 dotes
1103 3544 1135 3597 et
1152 3556 1237 3599 sum·

164 3646 252 3691 mam
275 3624 309 3689 in
332 3622 558 3710 qualicumque
582 3633 614 3687 et
636 3645 789 3710 prospero
814 3633 847 3688 et
869 3621 1006 3688 aduerso
1029 3631 1145 3687 euentu
1162 3644 1236 3687 con·

165 3713 317 3779 stantiam
340 3721 511 3797 ceteraque
534 3708 576 3775 ad
595 3713 780 3779 interiorem
796 3722 893 3798 atque
910 3711 1120 3778 domesticam
1135 3713 1238 3777 uitam

163 3803 358 3888 pertinentia
379 3801 444 3865 iam
468 3800 585 3867 abhinc
609 3798 714 3866 dicere
739 3800 898 3866 exordiar.
