2596 4246
519 209 737 272 „17-

88 384 226 472 quidem
257 384 403 471 pulcher,
437 385 494 449 sed
529 385 628 468 gibbo
663 383 823 450 deformis.
878 383 926 467 Is,
959 406 1032 448 cum
1060 394 1163 470 pater,

93 474 180 540 bello
218 483 329 539 contra
367 473 481 539 Hunos
521 483 685 559 suscepto,
728 475 759 535 in
798 472 948 538 Baioaria
991 473 1161 558 hiemaret,

90 563 298 649 >aegritudine
322 564 480 648 simulata,
505 584 578 626 cum
595 560 819 648 quibusdamo
842 564 1035 649 primoribus
1058 563 1160 627 Fran-

94 675 220 736 corum,
255 655 309 738 qui
337 675 409 716 eum
432 675 516 717 uana
538 652 630 736 regni
654 652 864 737 promissione
887 652 1080 735 inlexerant,
1107 652 1162 718 ad-

95 765 207 807 uersus
231 751 356 828 petrem
378 742 564 806 coniurauit.
613 738 718 818 Quem
740 749 812 826 post
836 740 984 805 fraudem
1001 739 1162 807 detectam

89 840 129 895 et
152 831 388 897 damnationem
406 833 644 895 coniuratorum
660 829 827 894 detonsum
850 832 882 894 in
906 831 1060 895 coenobio
1083 831 1162 896 Pru-

95 922 162 986 mia
189 920 357 1005 religiosae
384 921 471 984 uitae
503 921 632 1004 iamque
661 918 821 984 uolentem
853 941 970 984 uacare
1005 922 1160 1005 permisit.

185 1009 288 1074 Facta
318 1018 367 1073 est
400 1020 431 1072 et
460 1009 524 1073 alia
553 1009 641 1094 prius
675 1017 786 1072 contra
819 1030 892 1072 eum
924 1009 957 1071 in
986 1005 1163 1073 Germania

95 1097 204 1162 ualida
228 1099 413 1162 coniuratio.
462 1096 560 1162 Cuius
585 1108 733 1160 auctores
763 1099 880 1183 partim
915 1097 1088 1163 luminibus
1113 1120 1163 1162 or-

96 1187 174 1270 bati,
198 1189 316 1274 partim
339 1186 493 1251 membris
515 1186 698 1269 incolomes,
724 1207 834 1250 omnes
857 1195 966 1250 tamen
990 1188 1085 1252 exilio
1110 1185 1163 1252 de·

96 1279 217 1362 portati
251 1285 334 1340 sunt.
381 1275 496 1361 Neque
530 1274 611 1339 ullus
644 1297 685 1339 ex
717 1276 762 1338 eis
794 1283 843 1339 est
872 1275 1076 1360 interfectus,
1101 1278 1163 1341 nisi

95 1375 162 1430 tres
185 1374 328 1447 tantum,
354 1367 417 1449 qui,
443 1386 515 1428 cum
539 1383 583 1446 se,
607 1387 647 1429 ne
669 1362 1024 1449 comprehenderentur,
1043 1367 1162 1431 strictis

96 1452 213 1539 gladiis
237 1451 455 1531 defenderent,
479 1452 601 1538 aliquos
625 1455 722 1517 etiam
747 1454 946 1537 occidissent,
971 1457 1047 1540 quia
1069 1456 1165 1520 aliter

98 1545 240 1608 coerceri
264 1565 328 1607 non
352 1551 510 1628 poterant,
535 1543 721 1628 interempti
745 1552 826 1606 sunt.

186 1631 313 1698 Harum
337 1640 446 1697 tamen
469 1632 724 1696 coniurationum
741 1629 919 1695 Fastradae
943 1633 1076 1715 reginae
1092 1655 1162 1696 cru·

96 1719 210 1785 delites
246 1743 341 1785 causa
376 1731 408 1785 ct
443 1722 533 1805 origo
564 1722 708 1785 extitisse
740 1719 892 1803 creditur,
924 1732 956 1785 et
983 1719 1102 1786 idcirco
1130 1724 1163 1786 in

91 1811 254 1876 ambabus
278 1820 389 1875 contra
411 1832 523 1895 regem
540 1812 757 1895 conspiratum
775 1819 833 1894 est,
858 1811 943 1895 quia,
968 1813 1077 1874 uxoris
1094 1833 1163 1875 cru-

97 1898 223 1963 delitati
247 1901 459 1983 consentiens,
483 1922 503 1963 a
526 1921 603 1963 suae
626 1908 761 1963 naturae
785 1899 987 1984 benignitate
1010 1923 1048 1963 ac
1072 1899 1163 1963 solita

96 1987 341 2053 mansuetudine
369 1990 540 2052 inmaniter
564 1989 762 2053 exorbitasse
784 1987 964 2053 uidebatur.
1011 1987 1164 2054 Ceterum

25 2158 31 2167 ι
95 2099 156 2164 per
186 2099 279 2142 omne
311 2078 399 2142 uitae
433 2099 510 2142 suae
543 2085 670 2164 tempus
702 2078 747 2140 ita
778 2099 850 2140 cum
874 2098 997 2141 summo
1021 2079 1164 2142 omnium

91 2189 207 2231 amore
229 2176 326 2252 atqua
351 2166 462 2231 fauore
487 2175 519 2229 et
542 2165 628 2229 domi
651 2175 685 2230 et
707 2165 785 2229 foris
809 2175 1016 2230 conuersatus
1041 2177 1104 2250 est,
1129 2176 1164 2231 ut

95 2277 272 2340 numquam
310 2257 339 2320 ei
378 2254 430 2319 uel
469 2256 602 2318 minima
640 2256 777 2319 iniustae
816 2253 1015 2319 crudelitatis
1045 2266 1164 2320 notaa

94 2366 260 2430 quoquam
284 2344 398 2408 fuisset
420 2342 553 2408 obiecta.

187 2435 238 2496 21.
263 2430 405 2498 Amabat
434 2432 620 2518 peregrinos
651 2441 682 2495 et
713 2433 814 2502 ineis
838 2430 1048 2520 suscipiendis
1071 2456 1161 2518 mag·

95 2544 171 2585 nam
195 2522 335 2586 hahebat
359 2544 479 2604 curam,
503 2520 583 2584 adeo
607 2530 642 2585 ut
666 2542 777 2585 eorum
796 2521 966 2586 multitudo
982 2544 1045 2586 non
1061 2521 1163 2586 solum

96 2610 233 2697 palatio,
262 2633 375 2676 uerum
399 2611 496 2675 etiam
520 2631 620 2694 regno
643 2631 707 2674 non
730 2612 878 2675 inmerito
902 2610 1066 2676 uideretur
1090 2632 1164 2677 one·

94 2721 180 2764 rosa.
227 2700 301 2787 lpse
333 2709 442 2764 tamar
470 2721 547 2784 prae
577 2698 798 2784 magnitudine
822 2700 920 2764 animi
943 2698 1164 2766 huiuscemodi

96 2787 239 2874 pondere
262 2791 393 2853 minime
416 2787 628 2873 grauabatur,
660 2810 732 2852 cum
756 2790 853 2852 etiam
876 2790 1021 2874 ingentia
1044 2790 1164 2854 incom-

97 2876 194 2944 moda
222 2876 316 2942 laude
347 2877 548 2942 liberalitatis
578 2899 616 2941 ac
644 2877 749 2942 bonae
778 2877 884 2942 famae
915 2875 1063 2944 mercede
1091 2901 1164 2943 con·

94 2979 257 3054 pensaret.
1209 3029 1213 3041 ,

187 3058 239 3122 22.
286 3054 428 3142 Corpore
451 3054 512 3119 fuit
535 3054 641 3140 amplo
665 3065 763 3140 atque
779 3055 921 3140 robusto,
947 3064 1071 3120 statura
1087 3057 1164 3121 emi·
1212 3058 1216 3065 ’

96 3146 203 3228 nenti,
240 3166 321 3230 quae
351 3156 460 3209 tamen
491 3145 609 3208 iustam
641 3166 705 3209 non
736 3144 905 3209 excederet
929 3142 1017 3229 (uam
1041 3155 1165 3231 septem

95 3255 229 3299 suorum
251 3234 371 3321 pedum
394 3234 621 3320 proceritatem
649 3235 716 3297 eius
748 3242 873 3298 constat
903 3233 1053 3299 habuisse
1077 3255 1163 3298 man·

96 3324 231 3405 suram),
261 3323 353 3408 apice
382 3324 496 3408 capitis
526 3320 683 3404 rotundo,
720 3322 819 3386 oculis
847 3320 1103 3409 praegrandibus
1127 3345 1166 3387 ac

98 3413 240 3498 uegetis,
270 3433 346 3476 naso
370 3411 535 3497 paululum
558 3409 813 3476 mediocritatem
837 3411 1023 3494 excedenti,
1047 3413 1165 3476 canitie

97 3500 243 3587 pulchra,
267 3501 350 3565 facie
373 3501 457 3565 laeta
481 3508 512 3563 et
535 3499 637 3564 hilari.
684 3498 778 3564 Vnde
801 3500 922 3566 formae
938 3501 1112 3565 auctoritas
1127 3523 1166 3565 ac

97 3588 241 3675 dignitas
263 3598 330 3654 tam
353 3591 450 3654 stanti
474 3611 569 3675 quam
601 3585 723 3654 sedenti
755 3589 893 3676 plurima
919 3590 1165 3676 adquirebatur3

97 3699 297 3764 quamquam
324 3680 434 3742 ceruix
457 3679 554 3744 obesa
577 3688 608 3742 et
630 3678 761 3743 breuior
789 3688 967 3764 neuterque
994 3679 1166 3766 proiectior

99 3766 280 3852 uideretur,
317 3776 427 3832 tamen
461 3766 541 3832 haec
576 3778 755 3832 ceterorum
787 3769 1005 3833 membrorum
1041 3769 1166 3836 celabat

100 3856 286 3942 aequalitas.
345 3857 477 3922 Incessu
511 3855 603 3920 firmo
635 3865 767 3942 totaque
800 3859 943 3945 corporis
976 3855 1167 3922 habitudine
1253 3877 1255 3884 ⁴

190 3962 302 4002 rimarer
316 3964 366 4002 utta
379 3963 459 4002 noran
474 3962 505 4002 x.
991 3945 1008 4001 2
