2596 4246
106 3739 152 3783 Γ

110 3918 141 3970 «Ὺ

595 154 812 218 „16-

172 340 261 396 aetas
296 330 492 417 patiebatur,
526 353 615 395 more
648 330 846 396 Francorum
882 334 1039 416 equitare,
1074 333 1172 396 armis
1200 355 1240 397 ac

172 420 341 485 uenatibus
365 422 509 485 exerceri
539 420 630 504 feeit,
664 419 745 484 filias
780 442 857 485 uero
881 420 1019 485 lanificio
1045 419 1239 487 adsuescere

172 508 305 596 coloque
328 531 366 575 ac
390 509 470 593 fuso,
496 531 536 573 ne
559 531 616 596 per
640 511 739 574 otium
762 520 935 596 torperent,
960 531 1091 596 operam
1114 511 1239 596 impen-

172 596 249 664 dere
272 607 370 684 atque
393 597 435 663 ad
458 620 585 663 omnem
608 598 807 664 honestatem
832 594 1074 666 erudiri'iussit.

260 683 312 750 Ex
344 687 393 752 his
421 687 568 752 omnibus
592 686 671 752 duos
693 696 820 752 tantum
843 686 924 751 filios
949 697 981 752 et
1005 710 1102 753 unam
1126 687 1238 774 filiam,

172 778 358 862 priusquam
381 786 578 855 moreretur,
602 778 723 841 amisit:
754 775 925 860 Karolum,
955 778 1010 862 qui
1033 778 1135 842 maior
1158 787 1240 842 natu

174 874 252 948 erat,
277 875 310 930 et
332 865 521 953 Pippinum,
553 888 649 952 quem
681 887 791 949 regem
814 864 929 930 Italiae
958 865 1174 951 praefecerat,
1206 877 1240 932 et

172 953 447 1037 Hruodthrudem,
466 976 548 1040 quae
566 953 704 1019 filiarum
726 955 792 1018 eius
816 956 1031 1040 primogenita
1054 965 1086 1020 et
1109 977 1129 1020 a
1153 952 1238 1019 Con-

172 1045 312 1108 stantino
329 1041 510 1109 Grecorum
531 1044 726 1130 imperatore
750 1043 941 1131 desponsata
965 1053 1043 1107 erat.
1091 1042 1241 1130 Quorum

172 1132 327 1220 Pippinus
362 1154 460 1196 unum
494 1131 594 1197 filium
626 1154 719 1196 suum
743 1131 982 1213 Bernhardum,
1014 1130 1096 1197 filias
1129 1144 1240 1198 autem

173 1223 329 1307 quinque:
361 1220 589 1307 Adalbaidem,
612 1220 760 1303 Atulam,
785 1219 1005 1304 Gundradam,
1029 1220 1241 1288 Berthaidem

171 1333 210 1375 ac
226 1308 470 1375 Theoderadam
494 1311 683 1398 superstites
706 1311 845 1397 reliquit.
892 1309 932 1375 In
956 1311 1070 1397 quibus
1095 1333 1153 1375 rex
1173 1313 1241 1399 pie-

172 1401 248 1464 tatis
271 1422 347 1465 suae
373 1400 582 1488 praecipuum
606 1399 833 1465 documentum
862 1398 1016 1482 ostendit,
1050 1421 1140 1482 cum,
1174 1400 1241 1466 filio

173 1488 339 1571 defuncto,
369 1493 519 1576 nepotem
551 1491 635 1575 patri
662 1487 834 1553 succedere
858 1500 890 1553 et
913 1498 1026 1575 neptes
1049 1490 1134 1554 inter
1157 1488 1242 1555 filias

173 1600 246 1642 suas
270 1577 399 1642 educari
421 1577 556 1643 fecisset.

262 1664 385 1732 Mortes
408 1665 545 1730 filiorum
569 1689 605 1730 ac
629 1664 713 1730 filiae
737 1688 795 1752 pro
812 1667 1087 1750 magnanimitate,
1105 1689 1169 1752 qua
1185 1690 1241 1732 ex-

173 1755 320 1840 cellebat,
343 1757 447 1820 minus
471 1757 632 1842 patienter
654 1755 736 1838 tulit,
760 1757 880 1841 pietate
903 1754 1063 1839 uidelicet,
1089 1778 1152 1841 qua
1175 1779 1242 1821 non

173 1847 278 1910 minus
312 1846 446 1931 insignis
479 1856 565 1930 erat,
598 1844 768 1931 conpulsus
801 1842 840 1907 ad
871 1843 1031 1909 lacrimas.
1081 1844 1242 1910 Nuntiato

174 1935 271 1998 etiam
307 1934 367 1999 sibi
401 1931 537 1999 Adriani
569 1933 707 1997 Romani
740 1933 899 2020 pontificis
934 1933 1042 2014 obitu,
1076 1956 1172 2019 quem
1208 1936 1242 2000 in

173 2024 284 2087 amicis
308 2024 515 2110 praecipuum
538 2021 691 2104 habebat,
716 2023 761 2086 sic
784 2020 886 2107 fleuit,
915 2045 953 2086 ac
977 2025 1003 2086 si
1026 2022 1159 2087 fratrem
1182 2034 1241 2089 aut

169 2111 273 2176 filium
303 2114 461 2178 amisisset
485 2113 692 2176 carissimum.
740 2110 821 2175 Erat
844 2113 985 2175 enimin
1008 2114 1157 2176 amicitiis
1182 2135 1240 2200 op-

171 2203 249 2266 time
271 2210 485 2289 temperatus,
511 2210 546 2264 ut
571 2223 625 2265 eas
650 2211 681 2264 et
704 2200 799 2265 facile
824 2200 1010 2265 admitteret
1033 2211 1066 2264 et
1089 2213 1239 2267 constan-

170 2292 293 2355 tissime
316 2292 477 2374 retineret,
503 2290 691 2374 colebatque
714 2291 913 2354 sanctissime
936 2311 1153 2376 quoscumque
1179 2291 1241 2357 hac

169 2377 337 2444 adfinitate
360 2379 422 2444 sibi
445 2381 663 2444 coniunxerat.

261 2469 415 2533 Filiorum
449 2490 487 2531 ac
521 2467 659 2533 filiarum
696 2477 819 2532 tantam
857 2469 890 2530 in
925 2465 1089 2532 educando
1128 2491 1242 2533 curam

172 2557 299 2640 habuit,
334 2567 369 2620 ut
401 2579 575 2643 numquam
606 2555 693 2620 domi
726 2557 848 2643 positus
881 2558 948 2619 sine
976 2557 1053 2641 ipsis
1077 2567 1240 2640 caenaret,

172 2668 345 2732 numquam
369 2648 431 2711 iter
447 2648 513 2710 sine
536 2646 598 2711 illis
619 2645 754 2728 faceret3
778 2644 1009 2730 adequitabant
1025 2646 1054 2709 ei
1070 2644 1136 2729 filii,
1153 2645 1241 2712 filiae

172 2757 249 2799 uero
273 2757 356 2822 pone
380 2736 605 2820 sequebantur,
630 2756 766 2820 quarum
789 2755 906 2818 agmen
929 2743 1109 2798 extremum
1125 2757 1166 2814 ex
1189 2759 1240 2799 sa-

171 2823 310 2889 tellitum
332 2847 465 2890 numero
488 2822 612 2889 adhoc
636 2823 773 2888 ordinati
796 2823 979 2888 tuebantur.

263 2912 354 2992 Quae
388 2936 459 2977 cum
495 2912 727 3000 pulcherrimae
751 2920 857 2977 essent
884 2921 915 2976 et
939 2913 980 2977 ab
1005 2934 1042 2975 eo
1065 2910 1242 2998 plurimum

171 3002 396 3088 diligerentur,
430 3005 546 3066 mirum
576 3002 677 3085 dictu,
702 2998 787 3086 quod
810 3000 930 3065 nullam
955 3022 1064 3064 earum
1089 3003 1243 3087 cuiquam

174 3100 230 3155 aut
263 3114 391 3156 suorum
426 3101 482 3158 aut
517 3101 702 3156 exterorum
739 3099 875 3176 nuptum
913 3087 990 3154 dare
1029 3090 1143 3172 uoluit3
1183 3091 1243 3156 sed

174 3203 284 3247 omnes
316 3203 425 3247 seeum
454 3203 556 3267 usque
583 3180 625 3244 ad
648 3180 770 3243 obitum
794 3200 885 3242 suum
909 3180 942 3242 in
965 3178 1060 3242 domo
1084 3200 1141 3242 sua
1165 3182 1242 3244 reti·

173 3273 253 3355 nuit,
277 3270 385 3336 dicens
409 3294 443 3336 se
466 3291 576 3335 earum
597 3268 805 3333 contubernio
827 3288 935 3331 carere
958 3290 1022 3331 non
1046 3290 1148 3354 posse.
1189 3267 1243 3335 Ao

174 3372 307 3446 propter
330 3358 400 3444 hoo,
423 3360 498 3425 licet
522 3358 600 3424 alias
624 3356 716 3441 felix,
741 3355 896 3420 aduersae
919 3356 1067 3420 fortunae
1091 3356 1243 3443 maligni-

174 3459 275 3514 tatem
306 3460 455 3536 expertus
486 3457 543 3513 est.
599 3444 692 3524 Quod
721 3454 831 3509 tamen
862 3447 907 3509 ita
939 3444 1169 3527 dissimulauit,
1201 3469 1244 3512 ac

174 3541 200 3602 si
224 3538 264 3604 de
288 3540 333 3604 eis
357 3537 444 3603 nulla
467 3558 618 3622 umquam
649 3535 781 3599 alieuius
812 3535 922 3620 probri
953 3536 1092 3620 suspicio
1126 3547 1243 3604 exorta

175 3629 227 3693 uel
250 3629 337 3693 fama
360 3627 504 3714 dispersa
525 3625 647 3688 fuisset.

264 3719 316 3782 20.
345 3716 425 3781 Erat
458 3717 488 3780 ei
519 3713 602 3778 filius
637 3713 764 3778 nomine
797 3711 953 3798 Pippinus
986 3734 1026 3776 ex
1061 3711 1244 3780 concubina

105 3860 113 3897 ,
174 3805 290 3891 editus,
316 3806 405 3871 euius
429 3807 512 3869 inter
528 3812 651 3867 ceteros
667 3802 861 3866 mentionem
884 3800 990 3865 facere
1014 3797 1133 3882 distuli,
1157 3801 1244 3870 facie
