2596 4246
557 151 869 220 ..3-s

121 334 153 391 et
183 328 328 411 potentia
358 328 452 412 regni
481 349 579 412 penes
608 326 721 414 palatii
749 326 946 413 praefectos,
971 330 1026 414 qui
1048 329 1188 394 maiores

120 411 234 479 domus
258 414 448 480 dicebantur
472 425 504 480 et
527 414 568 482 ad
591 439 671 503 quos
695 437 821 480 summa
845 417 972 501 imperii
994 417 1188 503 pertinebat,

119 505 324 572 tenebantur.
377 504 493 591 Neque
523 507 593 590 regi
624 504 711 570 aliud
738 506 994 590 relinquebatur,
1020 529 1116 592 quam
1141 518 1186 589 ut,

119 595 210 679 regio
243 604 367 659 tantum
400 596 529 659 nomine
562 605 743 678 contentus,
780 596 868 659 crine
900 595 1049 681 profuso,
1084 595 1187 661 barba

119 683 304 768 summissa,
337 683 416 749 solio
446 683 602 748 resideret
632 706 670 748 ac
700 684 842 768 speciem
874 681 1066 748 dominantis
1095 684 1184 751 effin-

119 781 222 857 geret,
246 772 373 857 legatos
395 771 619 858 undecumque
642 775 810 839 uenientes
833 771 960 838 audiret
979 775 1089 859 eisque
1112 774 1185 840 abe·

118 861 248 927 nutibus
271 883 436 947 responsa,
460 884 543 948 quae
567 871 636 927 erat
660 862 792 927 edoctus
813 862 978 927 ueletiam
1000 864 1120 946 iussus,
1145 885 1186 926 ex

118 972 176 1016 sua
199 949 288 1015 uelut
312 960 470 1037 potestate
493 950 659 1034 redderet3
694 973 767 1017 cum
797 964 924 1038 praeter
956 952 1067 1016 inutile
1099 954 1185 1035 regis

116 1060 235 1106 nomen
258 1049 291 1106 et
313 1042 496 1127 precarium
518 1041 605 1105 uitae
630 1040 833 1126 stipendium,
858 1039 942 1125 quod
957 1042 987 1105 ei
1002 1039 1185 1126 praefectus

117 1128 210 1193 aulae
234 1139 330 1216 prout
352 1127 522 1194 uidebatur
545 1126 729 1212 exhibebat,
753 1128 832 1199 nihil
858 1128 945 1193 aliud
969 1131 1090 1216 proprii
1113 1151 1185 1216 pos·

117 1216 236 1282 sideret
260 1240 357 1304 quam
380 1241 476 1283 unam
501 1228 533 1282 et
558 1241 629 1283 eam
652 1220 831 1305 praeparui'
845 1217 969 1282 reditus
993 1219 1117 1302 uillam,
1150 1219 1183 1284 in

117 1329 180 1392 qua
204 1307 334 1370 domum
358 1317 390 1372 et
413 1330 454 1372 ex
479 1329 542 1392 qua
564 1308 700 1372 famulos
721 1308 782 1372 sibi
801 1308 984 1373 necessaria
1004 1309 1185 1373 ministran-

116 1406 165 1460 tes
197 1404 295 1482 atque
331 1396 518 1482 obsequium
557 1396 746 1461 exhibentes
784 1418 907 1483 paneae
945 1399 1185 1464 numerositatis

117 1484 266 1550 habebat.
315 1483 527 1571 Quocumque
551 1486 691 1550 eundum
716 1499 795 1569 erat,
821 1496 974 1571 carpento
997 1486 1074 1570 ibat,
1100 1485 1186 1572 quod

116 1574 220 1638 bubus
244 1575 360 1638 iunctis
386 1585 418 1639 et
441 1575 580 1639 bubulco
604 1576 724 1639 rustico
742 1597 832 1639 more
851 1584 971 1658 agente
986 1575 1184 1643 trahebatur.

116 1661 172 1729 Sic
201 1663 242 1728 ad
265 1664 439 1750 palatium,
456 1665 502 1727 sic
524 1662 565 1729 ad
588 1664 753 1750 publicum
776 1664 885 1750 populi
909 1666 958 1729 sui
981 1676 1184 1748 conuentum,

136 1755 171 1818 ,ui
200 1753 367 1817 annuatim
398 1753 438 1817 ob
471 1755 564 1838 regni
591 1753 765 1819 utilitatem
789 1753 1027 1836 celebrabatur,
1050 1756 1115 1838 ire,
1140 1755 1186 1820 sic

116 1775 248 1906 domum
280 1839 385 1907 redire
420 1842 551 1908 solebat.
604 1841 658 1906 Ad
690 1844 782 1927 regni
812 1840 1123 1908 administrationem
1153 1852 1186 1907 01

116 1933 240 2011 omnia,
275 1953 356 2017 quae
386 1930 438 1995 uel
467 1931 554 1996 domi
585 1931 638 1995 uel
667 1931 745 1996 foris
774 1929 902 2015 agenda
925 1955 963 1996 ac
986 1930 1184 2020 disponenda

115 2029 221 2102 erant,
245 2019 428 2106 praefectus
452 2021 544 2086 aulae
567 2020 773 2108 procurabat

204 2111 234 2173 2.
267 2105 339 2186 Quo
374 2107 479 2174 officio
515 2118 600 2190 tum,
637 2132 710 2173 oum
744 2106 911 2174 Hildricus
950 2106 1181 2195 deponebatur,

115 2196 269 2284 Pippinus
293 2203 386 2284 pater
409 2197 524 2262 Karoli
545 2199 633 2283 regis
656 2200 721 2264 iam
747 2197 837 2262 uelut
858 2196 1053 2262 hereditario
1069 2198 1182 2282 funge-

112 2286 218 2352 batur.
265 2286 352 2351 Nam
375 2297 468 2372 pater
491 2289 559 2352 eius
583 2286 733 2370 Karalus,
759 2289 813 2373 qui
835 2295 990 2372 tyrannos
1006 2308 1064 2373 per
1079 2297 1181 2352 totam

112 2375 284 2443 Franciam
309 2374 507 2440 dominatum
531 2375 593 2440 sibi
615 2377 814 2440 uindicantes
839 2378 999 2462 oppressit
1021 2386 1053 2440 et
1067 2374 1181 2442 Sarra·

115 2486 211 2530 cenos
235 2461 377 2529 Galliam
393 2486 550 2551 occupare
574 2452 770 2552 temptantes
794 2463 918 2528 duobus
941 2467 1067 2548 magnis
1090 2487 1181 2551 proe-

111 2554 178 2638 liis,
208 2575 271 2618 uno
302 2555 334 2617 in
357 2552 533 2639 Aquitania
556 2554 642 2639 apud
666 2555 844 2621 Pictauium
869 2554 1048 2636 ciuitatem,
1079 2553 1181 2619 altero

112 2641 414 2709 iuxtaNarbonam
437 2641 523 2728 apud
545 2642 674 2708 Birram
697 2643 842 2726 fluuium,
866 2644 912 2706 ita
935 2641 1064 2725 deuicit,
1088 2653 1124 2707 ut
1147 2643 1180 2707 in

111 2731 306 2818 Hispaniam
331 2753 385 2796 eos
408 2730 513 2795 redire
536 2733 759 2818 compelleret,
789 2729 926 2797 eundem
956 2733 1181 2816 magistratum

112 2843 132 2885 a
164 2830 257 2906 patre
291 2821 428 2907 Pippino
471 2820 532 2886 sibi
565 2821 730 2887 dimissum
766 2822 898 2906 egregie
936 2819 1180 2888 administrauit.

112 2907 176 2988 Qui
199 2909 300 2974 honor
322 2930 386 2974 non
409 2908 480 2974 aliis
503 2932 523 2973 a
542 2911 661 2997 populo
679 2909 748 2975 dari
764 2919 975 2976 consueuerat
998 2932 1096 2996 quam
1118 2910 1177 2994 his,

112 3001 167 3085 qui
183 3008 215 3065 et
231 2998 377 3065 claritate
401 3001 529 3083 generis
553 3010 586 3063 et
609 3021 705 3086 opum
730 2998 942 3085 amplitudine
966 3000 1081 3064 ceteris
1101 3001 1179 3066 emi·

110 3088 240 3153 nebant.

197 3176 295 3243 Hunc
327 3198 401 3242 oum
424 3174 579 3264 Pippinus
608 3186 701 3262 pater
724 3176 838 3242 Karoli
869 3177 956 3260 regis
984 3178 1026 3241 ab
1060 3199 1121 3242 auo
1145 3186 1178 3242 et

109 3277 202 3354 patre
227 3265 288 3330 sibi
312 3275 344 3332 et
367 3267 461 3332 fratri
484 3266 704 3331 Karlomanno
727 3266 887 3348 relictum,
910 3287 1035 3331 summa
1051 3289 1124 3331 cum
1141 3288 1179 3330 eo

110 3354 284 3422 concordia
312 3354 466 3439 diuisum,
497 3355 619 3442 aliquot
650 3356 742 3422 annis
765 3355 852 3420 uelut
876 3354 935 3419 sub
959 3376 1037 3440 rege
1059 3377 1178 3444 memo

110 3455 180 3512 1010
203 3444 368 3528 tenuisset,
394 3445 495 3509 frater
523 3446 590 3510 eius
611 3444 849 3510 Karlomannus
873 3442 1046 3530 (incertum
1062 3444 1177 3530 quibus

110 3534 151 3601 de
187 3535 307 3616 causis3
342 3542 451 3599 tamen
485 3532 626 3618 uidetur,
662 3533 747 3620 quod
781 3555 891 3600 amore
925 3532 1177 3599 conuersationis

110 3623 381 3710 contemplatiuae
412 3620 607 3709 succensus),
639 3645 775 3709 operosa
798 3623 984 3709 temporalis
1007 3623 1102 3708 regni
1124 3619 1179 3686 ad·

109 3714 343 3779 ministratione
370 3713 497 3793 relicta,
522 3712 658 3777 Romam
681 3735 716 3778 se
739 3708 773 3776 in
796 3713 896 3776 otium
921 3711 1064 3776 contulit.
1112 3709 1177 3777 Ibi·

109 3823 172 3888 que
193 3799 306 3869 habitu
328 3809 511 3887 permutato
528 3801 702 3866 monachus
725 3802 839 3886 factus,
863 3803 895 3866 in
917 3810 1026 3866 monte
1043 3798 1177 3867 Soracte
