2596 4246
494 163 714 226 ..15-

162 340 241 405 Post
276 349 411 407 mortem
445 341 546 425 patris
579 363 651 404 cum
687 339 787 404 fratre
820 361 956 424 regnum
992 341 1139 424 partitus,

72 438 163 495 tanta
186 429 308 532 patient
310 428 341 493 ia
295 428 542 494 tsimultates
566 438 598 493 et
621 427 774 492 inuidiam
800 429 866 492 eius
885 428 967 511 tulit,
944 436 1025 492 tut
1040 429 1139 492 omni·

71 518 132 583 bus
157 519 273 584 mirum
295 516 471 622 uideretur,
497 514 581 604 quod
605 540 645 582 ne
669 514 711 582 ad
733 514 932 580 iracundiam
954 518 1083 602 quidem
1099 516 1140 580 ab
1216 546 1217 550 ¹

72 630 110 672 eo
134 608 304 693 prouocari
327 607 494 691 potuisset.

160 693 288 762 Deinde
323 717 394 759 cum
425 696 535 758 matris
564 695 672 761 hortat
659 704 695 758 tu
726 691 825 758 liliam
855 691 1018 761 Desiderii
1051 695 1139 779 regis

71 781 360 870 Langobardorum
385 782 528 849 duxisset
551 806 694 864 uxorem,
718 785 875 847 incertum
899 805 961 869 qua
978 781 1016 847 de
1033 805 1140 867 causa,

71 883 144 1029 gost
167 894 286 939 annum
309 894 380 938 eam
403 872 596 959 repudiauit
646 872 689 936 Et
714 870 951 957 Hildigardem,
973 872 1013 937 de
1037 883 1135 957 gente

100 963 256 1028 nabornm
272 963 464 1049 praecipuae
480 962 658 1028 nobilitatis
674 962 864 1047 seminams
855 982 888 1024 ιιι
900 963 1138 1027 matrimonium

70 1073 146 1116 acce
170 1053 210 1134 it;
235 1049 274 1116 de
297 1073 359 1136 qua
382 1060 448 1116 tres
471 1049 569 1135 lilios,
594 1049 752 1117 Karolum
775 1048 926 1115 uidelicet
933 1050 1140 1137 ,Pippinum

89 1137 337 1222 ludoicum,
369 1140 567 1244 totidemque
591 1138 687 1223 filiae,
716 1138 1015 1204 Hruodtrudemet
1038 1137 1137 1204 Berh-

69 1238 138 1295 tam
164 1240 194 1292 ιι
210 1226 347 1309 Gislam,
372 1231 492 1314 genuit.
539 1228 664 1295 Habuit
687 1238 720 1293 et
742 1228 820 1293 alias
841 1237 906 1293 tres
923 1227 1013 1312 filias,
1032 1227 1137 1294 Theo-

69 1317 221 1384 deradam
245 1328 277 1382 et
293 1316 532 1383 Hiltrudemet
519 1315 801 1401 tHruodhaidem,
826 1317 904 1383 duas
926 1317 965 1382 de
981 1315 1141 1384 Fastrada

67 1429 186 1490 uxore,
221 1429 304 1493 quae
338 1407 378 1472 de
414 1407 613 1473 orientalium
648 1407 862 1490 Francorum,
900 1403 1138 1471 Germanorum

68 1494 230 1580 uidelicet,
254 1505 352 1580 genta
376 1506 460 1580 erat3
486 1498 614 1561 tertiam
631 1496 671 1561 ι1ι
688 1496 864 1560 concubina
881 1496 1029 1582 quadam,
1048 1498 1138 1560 cuius

68 1608 187 1651 nornen
211 1582 306 1649 modo
330 1587 505 1651 memoriae
520 1608 582 1650 non
601 1586 748 1653 occurrit.
787 1584 931 1649 Defunct
919 1594 952 1650 ta
969 1583 1047 1648 Fast
1034 1585 1139 1670 trada,

69 1672 283 1760 Liutgardam
306 1672 522 1741 Alamannam
552 1674 657 1757 duxit,
689 1674 728 1739 de
762 1696 825 1760 qua
853 1673 929 1738 nihil
963 1674 1138 1739 liberorum

67 1763 151 1831 tulit.
198 1762 277 1828 Post
300 1765 389 1828 cuius
417 1773 590 1830 mortemt
591 1786 642 1828 res
667 1759 826 1850 [quatuor]
856 1762 967 1827 habuit
991 1762 1138 1827 concubi-

66 1874 135 1937 nas,
162 1849 417 1939 [Madclgardam
441 1852 562 1918 scilicet
549 1863 676 1938 t,quae
691 1853 818 1940 peperit
835 1874 864 1915 ιι
855 1852 977 1916 liliam
993 1851 1137 1918 Ruothil-

66 1932 170 2044 damJ,
207 1938 424 2006 Gersuindam
460 1903 611 2008 Saxonlci
649 1943 792 2028 generis,
832 1940 871 2006 de
908 1963 971 2026 qua
1008 1942 1037 2005 ei
1071 1938 1138 2007 filia

65 2031 196 2097 nomine
224 2027 384 2095 Adaltrud
416 2040 492 2096 nata
524 2040 586 2115 est,
619 2039 651 2095 et
680 2031 854 2115 Reginam,
885 2052 968 2117 quae
1000 2032 1030 2094 ei
1053 2028 1135 2094 Dro-

65 2130 240 2206 gonemet
262 2118 396 2207 Hugum
420 2120 546 2206 genuit,
572 2127 604 2184 et
631 2117 851 2200 Adallindem,
876 2141 916 2183 ex
940 2141 1005 2204 qua
1029 2116 1133 2185 Theo·

65 2208 211 2275 dericum
234 2210 424 2294 procreauit.

152 2295 221 2368 Mat
208 2305 258 2361 ter
290 2318 416 2383 quoque
447 2298 516 2362 eius
538 2295 617 2362 Bert
618 2295 759 2362 brada
750 2319 784 2361 ιιι
807 2317 926 2382 magno
950 2295 1037 2381 apud
1060 2318 1133 2363 eum

61 2386 183 2450 honore
208 2387 385 2452 consenuit
432 2383 568 2450 Oolebat
592 2387 678 2450 enim
702 2408 774 2451 eam
799 2408 870 2451 cum
895 2407 1021 2450 summa
1043 2407 1133 2450 reue·

60 2475 176 2558 rentia,
199 2476 247 2538 ιιι
269 2474 415 2540 utnulla
438 2497 590 2561 nmquam
613 2475 752 2540 inuicem
776 2475 818 2538 sit
834 2485 947 2541 exorta
963 2472 1131 2557 discordia,

59 2573 189 2650 praeter
221 2565 255 2628 in
278 2562 415 2629 diuortio
439 2564 524 2629 filiae
548 2561 708 2629 Desiderii
732 2564 833 2649 regis,
862 2585 958 2650 quam
982 2562 1037 2627 illa
1059 2585 1130 2629 sua-

59 2651 156 2719 dente
188 2663 365 2739 acceperat.
420 2651 572 2718 Decessit
601 2653 731 2718 tandem
760 2662 833 2740 post
863 2661 1001 2717 mortem
1025 2649 1129 2719 Hildi·

58 2740 190 2826 gardae,
215 2763 288 2806 cam
311 2743 375 2806 iam
400 2751 467 2808 tres
489 2751 623 2828 nepotes
648 2764 721 2806 suos
744 2751 792 2806 tot
793 2741 943 2828 idemque
963 2744 1106 2827 neptes
1096 2765 1129 2806 ιιι

58 2829 117 2895 filii
149 2829 243 2895 domo
274 2828 418 2899 uidisset.
474 2829 580 2911 Quam
609 2831 703 2896 illa
694 2852 727 2895 m
756 2829 867 2898 cadem
896 2829 1042 2911 basilica,
1067 2852 1131 2916 qua

58 2929 154 3008 pater
186 2921 264 2984 situs
295 2929 360 3004 est,
393 2919 478 3007 apud
513 2930 603 2986 sanct
605 2942 660 2984 nm
690 2918 871 2985 Dionisium
905 2941 1024 3005 magno
1058 2941 1131 2984 oum

63 3008 183 3075 honore
207 3006 285 3073 fecit
308 2971 443 3075 hulnari.

148 3096 272 3164 Erat
245 3120 274 3162 ιι
297 3100 392 3163 unica
414 3121 504 3163 soror
526 3099 654 3165 nornine
671 3095 766 3164 Gisla
767 3096 1023 3183 ,apuellaribus
1039 3098 1131 3163 annis

57 3185 231 3272 religiosae
267 3188 502 3253 conuersationi
529 3187 732 3292 mancipata,
773 3207 869 3272 quam
908 3187 1056 3252 similiter
1093 3195 1128 3251 ιιι

58 3285 198 3343 ιιιιιιιιιι
228 3297 348 3361 magna
379 3276 477 3341 coluit
503 3278 636 3362 pietate
683 3274 775 3355 Quae
799 3276 897 3341 etiam
920 3277 1031 3362 paucis
1055 3286 1130 3341 ante

57 3363 199 3638 abitum
204 3363 288 3429 illius
311 3366 404 3431 annia
427 3367 461 3431 in
477 3388 524 3451 eo,
550 3387 658 3452 quo
637 3374 828 3431 conuersata
851 3373 909 3448 est,
933 3367 1128 3431 monasterio

81 3462 208 3518 acessit.

147 3629 199 3695 19
224 3627 360 3696 Liberos
393 3653 466 3696 suos
499 3632 545 3697 ita
580 3634 702 3697 censuit
734 3628 958 3715 instituendos,
992 3643 1027 3697 ut
1059 3642 1125 3697 tam

56 3716 113 3788 filii
138 3742 235 3807 quam
258 3718 343 3785 filiae
367 3722 471 3807 primo
494 3720 733 3786 liberalibust
705 3720 831 3802 studiis,
863 3720 979 3804 quibus
1003 3724 1128 3808 etipse
1209 3720 1216 3789 ³,

56 3830 189 3898 operam
221 3807 334 3894 dabat,
370 3808 533 3874 erudirent
520 3819 581 3874 tur
639 3809 723 3875 Tum
756 3807 852 3890 filios,
883 3832 956 3875 oum
987 3812 1125 3897 primum
1214 3801 1219 3859 '-
